time,bidPx_0,bidPx_1,bidPx_2,bidPx_3,bidPx_4,bidQty_0,bidQty_1,bidQty_2,bidQty_3,bidQty_4,askPx_0,askPx_1,askPx_2,askPx_3,askPx_4,askQty_0,askQty_1,askQty_2,askQty_3,askQty_4,date,time_elapsed
09:30:15.551000,9.89,9.88,9.87,9.86,9.85,1601,400,300,300,1000,9.97,9.98,9.99,10.04,10.07,6200,100,1100,300,800,2019-10-04,34215.551
09:31:08.839000,9.91,9.9,9.89,9.88,9.87,200,100,1301,400,400,9.95,9.96,9.97,9.98,9.99,100,500,300,400,600,2019-10-04,34268.839
09:31:08.839000,9.91,9.9,9.89,9.88,9.87,100,100,1301,400,400,9.95,9.96,9.97,9.98,9.99,100,500,300,400,600,2019-10-04,34268.839
09:31:08.839000,9.9,9.89,9.88,9.87,9.86,100,1301,400,400,704,9.95,9.96,9.97,9.98,9.99,100,500,300,400,600,2019-10-04,34268.839
09:31:08.874000,9.9,9.89,9.88,9.87,9.86,100,1201,400,400,604,9.93,9.94,9.95,9.96,9.97,500,400,200,200,300,2019-10-04,34268.874
09:31:08.874000,9.89,9.88,9.87,9.86,9.85,1201,400,400,604,1100,9.93,9.94,9.95,9.96,9.97,500,400,200,200,300,2019-10-04,34268.874
09:31:09.041000,9.89,9.88,9.87,9.86,9.85,1201,400,400,604,1000,9.92,9.93,9.94,9.95,9.96,300,500,800,200,200,2019-10-04,34269.041
09:31:09.194000,9.89,9.88,9.87,9.86,9.85,1301,400,300,604,1000,9.92,9.93,9.94,9.95,9.96,300,100,400,200,200,2019-10-04,34269.194
09:31:36.477000,9.89,9.88,9.87,9.86,9.85,1301,400,400,904,1100,9.92,9.93,9.94,9.95,9.96,300,400,200,400,300,2019-10-04,34296.477
09:31:36.478000,9.89,9.88,9.87,9.86,9.85,1315,400,300,904,1100,9.91,9.92,9.93,9.94,9.95,1000,300,400,200,400,2019-10-04,34296.478
09:31:38.818000,9.89,9.88,9.87,9.86,9.85,1001,300,300,904,300,9.9,9.91,9.92,9.93,9.94,300,200,100,300,200,2019-10-04,34298.818
09:31:38.818000,9.89,9.88,9.87,9.86,9.85,601,300,300,904,300,9.9,9.91,9.92,9.93,9.94,300,200,100,300,200,2019-10-04,34298.818
09:31:38.818000,9.89,9.88,9.87,9.86,9.85,200,300,300,904,300,9.9,9.91,9.92,9.93,9.94,300,200,100,300,200,2019-10-04,34298.818
09:31:38.818000,9.88,9.87,9.86,9.85,9.84,300,300,904,300,400,9.9,9.91,9.92,9.93,9.94,300,200,100,300,200,2019-10-04,34298.818
09:31:38.907000,9.88,9.87,9.86,9.85,9.84,200,300,904,300,300,9.89,9.9,9.91,9.92,9.93,700,500,100,100,300,2019-10-04,34298.907
09:31:38.907000,9.87,9.86,9.85,9.84,9.83,300,904,300,300,300,9.89,9.9,9.91,9.92,9.93,700,500,100,100,300,2019-10-04,34298.907
09:31:39.584000,9.87,9.86,9.85,9.84,9.83,100,604,300,300,500,9.89,9.9,9.91,9.92,9.93,610,600,100,100,300,2019-10-04,34299.584
09:31:39.584000,9.86,9.85,9.84,9.83,9.82,604,300,300,500,300,9.89,9.9,9.91,9.92,9.93,610,600,100,100,300,2019-10-04,34299.584
09:31:45.125000,9.87,9.86,9.85,9.84,9.83,200,704,200,300,500,9.88,9.89,9.9,9.91,9.92,100,310,400,300,300,2019-10-04,34305.125
09:31:45.125000,9.87,9.86,9.85,9.84,9.83,200,704,200,300,500,9.89,9.9,9.91,9.92,9.93,310,400,300,300,300,2019-10-04,34305.125
09:31:47.372000,9.88,9.87,9.86,9.85,9.84,800,200,804,300,300,9.89,9.9,9.91,9.92,9.93,110,400,200,400,300,2019-10-04,34307.372
09:31:47.372000,9.88,9.87,9.86,9.85,9.84,800,200,804,300,300,9.89,9.9,9.91,9.92,9.93,10,400,200,400,300,2019-10-04,34307.372
09:31:47.372000,9.88,9.87,9.86,9.85,9.84,800,200,804,300,300,9.9,9.91,9.92,9.93,9.94,400,200,400,300,200,2019-10-04,34307.372
09:32:59.231000,9.89,9.88,9.87,9.86,9.85,500,800,1100,704,300,9.9,9.91,9.92,9.93,9.94,200,500,200,500,200,2019-10-04,34379.231
09:32:59.231000,9.89,9.88,9.87,9.86,9.85,500,800,1100,704,300,9.91,9.92,9.93,9.94,9.95,500,200,500,200,300,2019-10-04,34379.231
09:32:59.282000,9.9,9.89,9.88,9.87,9.86,3820,400,700,1200,704,9.91,9.92,9.93,9.94,9.95,400,200,400,300,300,2019-10-04,34379.282
09:32:59.282000,9.9,9.89,9.88,9.87,9.86,3820,400,700,1200,704,9.91,9.92,9.93,9.94,9.95,300,200,400,300,300,2019-10-04,34379.282
09:32:59.282000,9.9,9.89,9.88,9.87,9.86,3820,400,700,1200,704,9.91,9.92,9.93,9.94,9.95,200,200,400,300,300,2019-10-04,34379.282
09:32:59.282000,9.9,9.89,9.88,9.87,9.86,3820,400,700,1200,704,9.92,9.93,9.94,9.95,9.96,200,400,300,300,300,2019-10-04,34379.282
09:32:59.282000,9.91,9.9,9.89,9.88,9.87,300,1620,400,800,1200,9.92,9.93,9.94,9.95,9.96,200,400,300,300,300,2019-10-04,34379.282
09:32:59.282000,9.9,9.89,9.88,9.87,9.86,1620,400,800,1200,704,9.92,9.93,9.94,9.95,9.96,200,400,300,300,300,2019-10-04,34379.282
09:33:10.601000,9.9,9.89,9.88,9.87,9.86,800,300,500,1200,704,9.91,9.92,9.93,9.94,9.95,1700,200,400,200,300,2019-10-04,34390.601
09:33:10.601000,9.9,9.89,9.88,9.87,9.86,800,300,500,1200,704,9.91,9.92,9.93,9.94,9.95,200,200,400,200,300,2019-10-04,34390.601
09:33:10.601000,9.9,9.89,9.88,9.87,9.86,800,300,500,1200,704,9.91,9.92,9.93,9.94,9.95,100,200,400,200,300,2019-10-04,34390.601
09:33:10.601000,9.9,9.89,9.88,9.87,9.86,800,300,500,1200,704,9.92,9.93,9.94,9.95,9.96,200,400,200,300,400,2019-10-04,34390.601
09:33:11.260000,9.91,9.9,9.89,9.88,9.87,1909,700,300,500,1200,9.93,9.94,9.95,9.96,9.97,400,200,300,300,1400,2019-10-04,34391.26
09:33:35.948000,9.92,9.91,9.9,9.89,9.88,2350,1000,900,500,600,9.93,9.94,9.95,9.96,9.97,3075,450,400,400,1600,2019-10-04,34415.948
09:33:35.948000,9.92,9.91,9.9,9.89,9.88,897,1000,900,500,600,9.93,9.94,9.95,9.96,9.97,1575,450,400,400,1600,2019-10-04,34415.948
09:33:35.948000,9.92,9.91,9.9,9.89,9.88,697,1000,700,500,600,9.93,9.94,9.95,9.96,9.97,1575,450,400,400,1600,2019-10-04,34415.948
09:33:35.948000,9.92,9.91,9.9,9.89,9.88,200,1000,700,500,600,9.93,9.94,9.95,9.96,9.97,1775,450,400,400,1600,2019-10-04,34415.948
09:33:35.948000,9.92,9.91,9.9,9.89,9.88,100,1000,700,500,600,9.93,9.94,9.95,9.96,9.97,1775,450,400,400,1600,2019-10-04,34415.948
09:33:35.948000,9.91,9.9,9.89,9.88,9.87,1000,700,500,600,1300,9.93,9.94,9.95,9.96,9.97,1775,450,400,400,1600,2019-10-04,34415.948
09:33:35.965000,9.91,9.9,9.89,9.88,9.87,300,600,300,600,1300,9.92,9.93,9.94,9.95,9.96,3400,1875,400,400,400,2019-10-04,34415.965
09:33:35.965000,9.91,9.9,9.89,9.88,9.87,300,600,300,600,1300,9.92,9.93,9.94,9.95,9.96,2600,1875,400,400,400,2019-10-04,34415.965
09:33:35.965000,9.91,9.9,9.89,9.88,9.87,300,600,300,600,1300,9.92,9.93,9.94,9.95,9.96,200,1875,400,400,400,2019-10-04,34415.965
09:33:35.965000,9.91,9.9,9.89,9.88,9.87,300,600,300,600,1300,9.93,9.94,9.95,9.96,9.97,1875,400,400,400,1600,2019-10-04,34415.965
09:33:44.018000,9.92,9.91,9.9,9.89,9.88,709,400,700,500,600,9.93,9.94,9.95,9.96,9.97,3800,400,400,400,1600,2019-10-04,34424.018
09:33:44.018000,9.92,9.91,9.9,9.89,9.88,100,400,700,500,600,9.93,9.94,9.95,9.96,9.97,3800,400,400,400,1600,2019-10-04,34424.018
09:33:44.018000,9.91,9.9,9.89,9.88,9.87,400,700,500,600,1300,9.93,9.94,9.95,9.96,9.97,3800,400,400,400,1600,2019-10-04,34424.018
09:33:44.020000,9.9,9.89,9.88,9.87,9.86,700,500,600,1300,804,9.92,9.93,9.94,9.95,9.96,4900,3400,400,400,400,2019-10-04,34424.02
09:33:50.892000,9.9,9.89,9.88,9.87,9.86,800,300,600,1300,804,9.92,9.93,9.94,9.95,9.96,1600,600,300,500,400,2019-10-04,34430.892
09:33:55.592000,9.91,9.9,9.89,9.88,9.87,500,1100,500,600,1300,9.93,9.94,9.95,9.96,9.97,600,300,500,400,2400,2019-10-04,34435.592
09:34:01.474000,9.93,9.92,9.91,9.9,9.89,500,530,800,1000,1800,9.94,9.95,9.96,9.97,9.98,400,500,400,600,400,2019-10-04,34441.474
09:34:20.421000,9.93,9.92,9.91,9.9,9.89,300,430,700,900,1400,9.94,9.95,9.96,9.97,9.98,1375,400,300,500,500,2019-10-04,34460.421
09:34:20.421000,9.93,9.92,9.91,9.9,9.89,200,430,700,900,1400,9.94,9.95,9.96,9.97,9.98,1375,400,300,500,500,2019-10-04,34460.421
09:34:20.421000,9.93,9.92,9.91,9.9,9.89,120,430,700,900,1400,9.94,9.95,9.96,9.97,9.98,1375,400,300,500,500,2019-10-04,34460.421
09:34:20.422000,9.93,9.92,9.91,9.9,9.89,100,430,700,900,1400,9.94,9.95,9.96,9.97,9.98,1675,400,300,500,500,2019-10-04,34460.422
09:34:20.422000,9.92,9.91,9.9,9.89,9.88,430,700,900,1400,700,9.94,9.95,9.96,9.97,9.98,1675,400,300,500,500,2019-10-04,34460.422
09:34:26.952000,9.9,9.89,9.88,9.87,9.86,138,500,800,1300,604,9.91,9.92,9.93,9.94,9.95,1475,802,500,600,500,2019-10-04,34466.952
09:34:26.952000,9.89,9.88,9.87,9.86,9.85,500,800,1300,604,500,9.91,9.92,9.93,9.94,9.95,1775,902,500,600,500,2019-10-04,34466.952
09:34:27.253000,9.89,9.88,9.87,9.86,9.85,300,800,1300,604,400,9.91,9.92,9.93,9.94,9.95,1884,500,500,600,1600,2019-10-04,34467.253
09:34:31.238000,9.9,9.89,9.88,9.87,9.86,100,300,800,1300,604,9.91,9.92,9.93,9.94,9.95,2076,700,500,600,500,2019-10-04,34471.238
09:34:31.238000,9.89,9.88,9.87,9.86,9.85,300,800,1300,604,400,9.91,9.92,9.93,9.94,9.95,2076,700,500,600,500,2019-10-04,34471.238
09:34:35.020000,9.88,9.87,9.86,9.85,9.84,559,300,604,1400,400,9.9,9.91,9.92,9.93,9.94,931,1775,700,500,1700,2019-10-04,34475.02
09:34:35.020000,9.88,9.87,9.86,9.85,9.84,459,300,604,1400,400,9.9,9.91,9.92,9.93,9.94,931,1775,700,500,1700,2019-10-04,34475.02
09:34:35.020000,9.88,9.87,9.86,9.85,9.84,398,300,604,1400,400,9.9,9.91,9.92,9.93,9.94,931,1775,700,500,1700,2019-10-04,34475.02
09:34:35.047000,9.88,9.87,9.86,9.85,9.84,159,300,604,1400,400,9.89,9.9,9.91,9.92,9.93,675,531,1775,700,500,2019-10-04,34475.047
09:34:35.047000,9.88,9.87,9.86,9.85,9.84,120,300,604,1400,400,9.89,9.9,9.91,9.92,9.93,675,531,1775,700,500,2019-10-04,34475.047
09:34:35.047000,9.87,9.86,9.85,9.84,9.83,100,604,1400,400,400,9.89,9.9,9.91,9.92,9.93,1104,531,1775,700,500,2019-10-04,34475.047
09:34:35.619000,9.87,9.86,9.85,9.84,9.83,400,604,400,400,700,9.88,9.89,9.9,9.91,9.92,13,744,531,1775,700,2019-10-04,34475.619
09:34:35.619000,9.87,9.86,9.85,9.84,9.83,400,604,400,400,700,9.89,9.9,9.91,9.92,9.93,744,531,1775,700,1500,2019-10-04,34475.619
09:34:40.791000,9.89,9.88,9.87,9.86,9.85,1531,631,600,1604,1400,9.9,9.91,9.92,9.93,9.94,1575,500,600,500,700,2019-10-04,34480.791
09:34:40.791000,9.89,9.88,9.87,9.86,9.85,1531,631,600,1604,1400,9.9,9.91,9.92,9.93,9.94,1475,500,600,500,700,2019-10-04,34480.791
09:34:40.791000,9.89,9.88,9.87,9.86,9.85,1531,631,600,1604,1400,9.9,9.91,9.92,9.93,9.94,500,500,600,500,700,2019-10-04,34480.791
09:34:40.791000,9.89,9.88,9.87,9.86,9.85,1562,631,600,1604,1400,9.9,9.91,9.92,9.93,9.94,200,500,600,500,700,2019-10-04,34480.791
09:34:40.791000,9.89,9.88,9.87,9.86,9.85,1562,631,600,1604,1400,9.9,9.91,9.92,9.93,9.94,100,500,600,500,700,2019-10-04,34480.791
09:34:42.198000,9.9,9.89,9.88,9.87,9.86,31,631,731,1600,1904,9.91,9.92,9.93,9.94,9.95,200,400,500,700,400,2019-10-04,34482.198
09:34:42.198000,9.89,9.88,9.87,9.86,9.85,631,731,1600,1904,1400,9.91,9.92,9.93,9.94,9.95,200,400,500,700,400,2019-10-04,34482.198
09:34:42.206000,9.89,9.88,9.87,9.86,9.85,200,731,1600,1904,1400,9.9,9.91,9.92,9.93,9.94,331,525,400,500,700,2019-10-04,34482.206
09:34:42.207000,9.88,9.87,9.86,9.85,9.84,531,1600,1904,1400,1400,9.9,9.91,9.92,9.93,9.94,831,525,400,500,700,2019-10-04,34482.207
09:34:42.469000,9.88,9.87,9.86,9.85,9.84,600,1600,1604,1400,1400,9.89,9.9,9.91,9.92,9.93,431,531,500,400,500,2019-10-04,34482.469
09:34:42.469000,9.88,9.87,9.86,9.85,9.84,400,1600,1604,1400,1400,9.89,9.9,9.91,9.92,9.93,431,531,500,400,500,2019-10-04,34482.469
09:34:42.469000,9.88,9.87,9.86,9.85,9.84,300,1600,1604,1400,1400,9.89,9.9,9.91,9.92,9.93,431,531,500,400,500,2019-10-04,34482.469
09:34:42.469000,9.88,9.87,9.86,9.85,9.84,200,1600,1604,1400,1400,9.89,9.9,9.91,9.92,9.93,431,531,500,400,500,2019-10-04,34482.469
09:34:42.469000,9.87,9.86,9.85,9.84,9.83,1600,1604,1400,1400,400,9.89,9.9,9.91,9.92,9.93,431,531,500,400,500,2019-10-04,34482.469
09:34:42.588000,9.88,9.87,9.86,9.85,9.84,100,1600,1604,1400,1400,9.89,9.9,9.91,9.92,9.93,331,731,500,400,500,2019-10-04,34482.588
09:34:42.588000,9.87,9.86,9.85,9.84,9.83,1600,1604,1400,1400,400,9.89,9.9,9.91,9.92,9.93,331,731,500,400,500,2019-10-04,34482.588
09:34:44.831000,9.87,9.86,9.85,9.84,9.83,200,604,1400,1400,400,9.88,9.89,9.9,9.91,9.92,431,631,731,500,400,2019-10-04,34484.831
09:34:44.831000,9.87,9.86,9.85,9.84,9.83,200,604,1400,1400,400,9.88,9.89,9.9,9.91,9.92,400,631,731,500,400,2019-10-04,34484.831
09:34:44.831000,9.87,9.86,9.85,9.84,9.83,200,604,1400,1400,400,9.88,9.89,9.9,9.91,9.92,300,631,731,500,400,2019-10-04,34484.831
09:34:44.831000,9.87,9.86,9.85,9.84,9.83,200,604,1400,1400,400,9.88,9.89,9.9,9.91,9.92,200,631,731,500,400,2019-10-04,34484.831
09:34:44.831000,9.87,9.86,9.85,9.84,9.83,200,604,1400,1400,400,9.89,9.9,9.91,9.92,9.93,631,731,500,400,1500,2019-10-04,34484.831
09:34:45.238000,9.88,9.87,9.86,9.85,9.84,431,300,604,1400,1400,9.89,9.9,9.91,9.92,9.93,400,731,500,400,1500,2019-10-04,34485.238
09:34:45.238000,9.88,9.87,9.86,9.85,9.84,431,300,604,1400,1400,9.89,9.9,9.91,9.92,9.93,300,731,500,400,1500,2019-10-04,34485.238
09:34:46.243000,9.87,9.86,9.85,9.84,9.83,400,604,1400,1400,400,9.89,9.9,9.91,9.92,9.93,300,731,500,400,1500,2019-10-04,34486.243
09:34:48.226000,9.87,9.86,9.85,9.84,9.83,400,604,400,1400,400,9.88,9.89,9.9,9.91,9.92,300,300,731,500,1600,2019-10-04,34488.226
09:34:48.226000,9.87,9.86,9.85,9.84,9.83,400,604,400,1400,400,9.88,9.89,9.9,9.91,9.92,200,300,731,500,1600,2019-10-04,34488.226
09:34:48.226000,9.87,9.86,9.85,9.84,9.83,400,604,400,1400,400,9.89,9.9,9.91,9.92,9.93,300,731,500,1600,1500,2019-10-04,34488.226
09:34:48.859000,9.88,9.87,9.86,9.85,9.84,250,500,604,1400,1400,9.89,9.9,9.91,9.92,9.93,100,731,500,600,1500,2019-10-04,34488.859
09:34:48.859000,9.88,9.87,9.86,9.85,9.84,250,500,604,1400,1400,9.9,9.91,9.92,9.93,9.94,731,500,600,1500,1700,2019-10-04,34488.859
09:34:48.880000,9.88,9.87,9.86,9.85,9.84,500,600,1604,1400,1400,9.9,9.91,9.92,9.93,9.94,431,500,600,1500,1700,2019-10-04,34488.88
09:34:51.026000,9.88,9.87,9.86,9.85,9.84,531,600,604,1400,1400,9.89,9.9,9.91,9.92,9.93,200,631,500,600,1500,2019-10-04,34491.026
09:34:51.026000,9.88,9.87,9.86,9.85,9.84,531,600,604,1400,1400,9.89,9.9,9.91,9.92,9.93,100,631,500,600,1500,2019-10-04,34491.026
09:34:51.026000,9.88,9.87,9.86,9.85,9.84,531,600,604,1400,1400,9.9,9.91,9.92,9.93,9.94,631,500,600,1500,1700,2019-10-04,34491.026
09:34:51.795000,9.88,9.87,9.86,9.85,9.84,500,600,1604,1400,1400,9.9,9.91,9.92,9.93,9.94,331,500,600,500,1700,2019-10-04,34491.795
09:34:56.046000,9.88,9.87,9.86,9.85,9.84,100,600,604,1400,1400,9.89,9.9,9.91,9.92,9.93,132,331,500,600,1500,2019-10-04,34496.046
09:34:56.046000,9.88,9.87,9.86,9.85,9.84,100,600,604,1400,1400,9.89,9.9,9.91,9.92,9.93,100,331,500,600,1500,2019-10-04,34496.046
09:34:56.046000,9.88,9.87,9.86,9.85,9.84,100,600,604,1400,1400,9.9,9.91,9.92,9.93,9.94,331,500,600,1500,1700,2019-10-04,34496.046
09:34:59.327000,9.89,9.88,9.87,9.86,9.85,50,300,600,1604,1400,9.9,9.91,9.92,9.93,9.94,300,500,600,500,1700,2019-10-04,34499.327
09:34:59.327000,9.88,9.87,9.86,9.85,9.84,300,600,1604,1400,1400,9.9,9.91,9.92,9.93,9.94,632,500,600,500,1700,2019-10-04,34499.327
09:35:03.622000,9.9,9.89,9.88,9.87,9.86,300,400,500,1600,1604,9.91,9.92,9.93,9.94,9.95,200,700,500,700,1400,2019-10-04,34503.622
09:35:03.622000,9.9,9.89,9.88,9.87,9.86,100,400,500,1600,1604,9.91,9.92,9.93,9.94,9.95,200,700,500,700,1400,2019-10-04,34503.622
09:35:03.622000,9.89,9.88,9.87,9.86,9.85,400,500,1600,1604,1700,9.91,9.92,9.93,9.94,9.95,200,700,500,700,1400,2019-10-04,34503.622
09:35:08.523000,9.89,9.88,9.87,9.86,9.85,300,500,600,1604,1600,9.9,9.91,9.92,9.93,9.94,300,400,700,500,1700,2019-10-04,34508.523
09:35:08.523000,9.89,9.88,9.87,9.86,9.85,200,500,600,1604,1600,9.9,9.91,9.92,9.93,9.94,300,400,700,500,1700,2019-10-04,34508.523
09:35:08.523000,9.88,9.87,9.86,9.85,9.84,500,600,1604,1600,1400,9.9,9.91,9.92,9.93,9.94,300,400,700,500,1700,2019-10-04,34508.523
09:35:08.529000,9.88,9.87,9.86,9.85,9.84,800,600,1604,1600,1400,9.89,9.9,9.91,9.92,9.93,632,610,600,700,1500,2019-10-04,34508.529
09:35:08.530000,9.88,9.87,9.86,9.85,9.84,100,600,1604,1600,1400,9.89,9.9,9.91,9.92,9.93,1832,610,600,700,1500,2019-10-04,34508.53
09:35:08.663000,9.87,9.86,9.85,9.84,9.83,900,1604,1600,1400,400,9.88,9.89,9.9,9.91,9.92,210,732,500,600,700,2019-10-04,34508.663
09:35:08.663000,9.87,9.86,9.85,9.84,9.83,900,1604,1600,1400,400,9.88,9.89,9.9,9.91,9.92,100,732,500,600,700,2019-10-04,34508.663
09:35:08.663000,9.87,9.86,9.85,9.84,9.83,900,1604,1600,1400,400,9.89,9.9,9.91,9.92,9.93,732,500,600,700,1500,2019-10-04,34508.663
09:35:40.089000,9.89,9.88,9.87,9.86,9.85,600,732,1600,1604,1500,9.91,9.92,9.93,9.94,9.95,200,500,500,700,1500,2019-10-04,34540.089
09:35:45.045000,9.89,9.88,9.87,9.86,9.85,300,932,600,1604,1500,9.9,9.91,9.92,9.93,9.94,400,400,500,500,1700,2019-10-04,34545.045
09:35:45.045000,9.89,9.88,9.87,9.86,9.85,300,932,600,1604,1500,9.9,9.91,9.92,9.93,9.94,300,400,500,500,1700,2019-10-04,34545.045
09:35:45.045000,9.89,9.88,9.87,9.86,9.85,300,932,600,1604,1500,9.9,9.91,9.92,9.93,9.94,200,400,500,500,1700,2019-10-04,34545.045
09:35:45.045000,9.89,9.88,9.87,9.86,9.85,300,932,600,1604,1500,9.91,9.92,9.93,9.94,9.95,400,500,500,1700,1500,2019-10-04,34545.045
09:35:53.180000,9.9,9.89,9.88,9.87,9.86,100,400,932,1500,1604,9.91,9.92,9.93,9.94,9.95,200,500,500,600,1600,2019-10-04,34553.18
09:35:53.180000,9.89,9.88,9.87,9.86,9.85,400,932,1500,1604,1500,9.91,9.92,9.93,9.94,9.95,200,500,500,600,1600,2019-10-04,34553.18
09:35:58.268000,9.9,9.89,9.88,9.87,9.86,200,600,932,1500,1604,9.91,9.92,9.93,9.94,9.95,200,500,500,600,1700,2019-10-04,34558.268
09:37:00.867000,9.9,9.89,9.88,9.87,9.86,122,646,1932,1500,1804,9.91,9.92,9.93,9.94,9.95,200,600,500,600,1700,2019-10-04,34620.867
09:37:00.867000,9.9,9.89,9.88,9.87,9.86,100,646,1932,1500,1804,9.91,9.92,9.93,9.94,9.95,200,600,500,600,1700,2019-10-04,34620.867
09:37:00.867000,9.9,9.89,9.88,9.87,9.86,22,646,1932,1500,1804,9.91,9.92,9.93,9.94,9.95,200,600,500,600,1700,2019-10-04,34620.867
09:37:00.867000,9.89,9.88,9.87,9.86,9.85,646,1932,1500,1804,1600,9.91,9.92,9.93,9.94,9.95,200,600,500,600,1700,2019-10-04,34620.867
09:37:01.168000,9.89,9.88,9.87,9.86,9.85,446,1932,1500,1804,1500,9.9,9.91,9.92,9.93,9.94,435,400,600,500,1600,2019-10-04,34621.168
09:37:47.245000,9.89,9.88,9.87,9.86,9.85,1100,932,500,1604,1700,9.9,9.91,9.92,9.93,9.94,1050,500,500,500,1700,2019-10-04,34667.245
09:37:47.245000,9.89,9.88,9.87,9.86,9.85,1000,932,500,1604,1700,9.9,9.91,9.92,9.93,9.94,1050,500,500,500,1700,2019-10-04,34667.245
09:37:47.245000,9.89,9.88,9.87,9.86,9.85,900,932,500,1604,1700,9.9,9.91,9.92,9.93,9.94,1050,500,500,500,1700,2019-10-04,34667.245
09:37:47.245000,9.89,9.88,9.87,9.86,9.85,242,932,500,1604,1700,9.9,9.91,9.92,9.93,9.94,1050,500,500,500,1700,2019-10-04,34667.245
09:37:47.245000,9.89,9.88,9.87,9.86,9.85,155,932,500,1604,1700,9.9,9.91,9.92,9.93,9.94,1086,500,500,500,1700,2019-10-04,34667.245
09:37:47.246000,9.89,9.88,9.87,9.86,9.85,1000,932,500,1604,1700,9.9,9.91,9.92,9.93,9.94,550,500,500,500,1700,2019-10-04,34667.246
09:37:47.246000,9.89,9.88,9.87,9.86,9.85,900,932,500,1604,1700,9.9,9.91,9.92,9.93,9.94,550,500,500,500,1700,2019-10-04,34667.246
09:37:47.246000,9.89,9.88,9.87,9.86,9.85,100,932,500,1604,1700,9.9,9.91,9.92,9.93,9.94,550,500,500,500,1700,2019-10-04,34667.246
09:37:47.246000,9.88,9.87,9.86,9.85,9.84,932,500,1604,1700,400,9.9,9.91,9.92,9.93,9.94,550,500,500,500,1700,2019-10-04,34667.246
09:37:47.247000,9.88,9.87,9.86,9.85,9.84,1632,500,1604,1700,400,9.89,9.9,9.91,9.92,9.93,1527,700,500,500,1500,2019-10-04,34667.247
09:37:54.041000,9.89,9.88,9.87,9.86,9.85,200,932,500,1604,1500,9.9,9.91,9.92,9.93,9.94,200,500,500,700,1700,2019-10-04,34674.041
09:37:54.041000,9.88,9.87,9.86,9.85,9.84,932,500,1604,1500,700,9.9,9.91,9.92,9.93,9.94,200,500,500,700,1700,2019-10-04,34674.041
09:38:36.913000,9.88,9.87,9.86,9.85,9.84,100,500,804,1400,800,9.89,9.9,9.91,9.92,9.93,300,500,500,600,1700,2019-10-04,34716.913
09:38:36.913000,9.87,9.86,9.85,9.84,9.83,500,804,1400,800,2300,9.89,9.9,9.91,9.92,9.93,300,500,500,600,1700,2019-10-04,34716.913
09:38:37.515000,9.87,9.86,9.85,9.84,9.83,200,804,400,800,2200,9.88,9.89,9.9,9.91,9.92,400,400,500,700,1600,2019-10-04,34717.515
09:38:37.515000,9.87,9.86,9.85,9.84,9.83,200,804,400,800,2200,9.88,9.89,9.9,9.91,9.92,339,400,500,700,1600,2019-10-04,34717.515
09:38:51.761000,9.87,9.86,9.85,9.84,9.83,600,904,400,1800,2200,9.88,9.89,9.9,9.91,9.92,35,300,600,500,1500,2019-10-04,34731.761
09:38:51.761000,9.87,9.86,9.85,9.84,9.83,700,904,400,1800,2200,9.89,9.9,9.91,9.92,9.93,300,600,500,1500,1600,2019-10-04,34731.761
09:39:07.504000,9.88,9.87,9.86,9.85,9.84,940,900,904,1400,1800,9.9,9.91,9.92,9.93,9.94,500,600,500,1600,1700,2019-10-04,34747.504
09:39:08.806000,9.9,9.89,9.88,9.87,9.86,100,1141,840,1800,1904,9.91,9.92,9.93,9.94,9.95,300,600,500,700,1500,2019-10-04,34748.806
09:39:08.806000,9.89,9.88,9.87,9.86,9.85,1141,840,1800,1904,1400,9.91,9.92,9.93,9.94,9.95,300,600,500,700,1500,2019-10-04,34748.806
09:39:10.829000,9.9,9.89,9.88,9.87,9.86,100,941,840,1800,1904,9.91,9.92,9.93,9.94,9.95,200,600,500,700,1500,2019-10-04,34750.829
09:39:10.829000,9.89,9.88,9.87,9.86,9.85,941,840,1800,1904,1500,9.91,9.92,9.93,9.94,9.95,200,600,500,700,1500,2019-10-04,34750.829
09:39:10.833000,9.89,9.88,9.87,9.86,9.85,1141,840,1800,1904,1500,9.9,9.91,9.92,9.93,9.94,641,600,600,600,1700,2019-10-04,34750.833
09:39:13.238000,9.89,9.88,9.87,9.86,9.85,1141,840,1800,1904,1500,9.9,9.91,9.92,9.93,9.94,200,500,600,500,1600,2019-10-04,34753.238
09:39:13.238000,9.89,9.88,9.87,9.86,9.85,1141,840,1800,1904,1500,9.91,9.92,9.93,9.94,9.95,500,600,500,1600,1400,2019-10-04,34753.238
09:40:00.292000,9.9,9.89,9.88,9.87,9.86,200,741,1840,1800,1904,9.91,9.92,9.93,9.94,9.95,300,600,600,1700,1500,2019-10-04,34800.292
09:40:00.292000,9.9,9.89,9.88,9.87,9.86,100,741,1840,1800,1904,9.91,9.92,9.93,9.94,9.95,300,600,600,1700,1500,2019-10-04,34800.292
09:40:00.292000,9.89,9.88,9.87,9.86,9.85,741,1840,1800,1904,1500,9.91,9.92,9.93,9.94,9.95,300,600,600,1700,1500,2019-10-04,34800.292
09:40:00.293000,9.89,9.88,9.87,9.86,9.85,400,1840,1800,1904,1500,9.9,9.91,9.92,9.93,9.94,940,800,600,1600,1700,2019-10-04,34800.293
09:40:10.692000,9.9,9.89,9.88,9.87,9.86,1,500,1940,1800,1904,9.91,9.92,9.93,9.94,9.95,600,600,600,1700,1500,2019-10-04,34810.692
09:40:10.692000,9.89,9.88,9.87,9.86,9.85,500,1940,1800,1904,1400,9.91,9.92,9.93,9.94,9.95,700,600,600,1700,1500,2019-10-04,34810.692
09:40:19.123000,9.89,9.88,9.87,9.86,9.85,600,940,1800,1904,1400,9.91,9.92,9.93,9.94,9.95,600,800,700,2500,1600,2019-10-04,34819.123
09:40:42.086000,9.9,9.89,9.88,9.87,9.86,100,600,940,1800,1904,9.91,9.92,9.93,9.94,9.95,400,800,700,2500,1600,2019-10-04,34842.086
09:40:42.086000,9.89,9.88,9.87,9.86,9.85,600,940,1800,1904,1400,9.91,9.92,9.93,9.94,9.95,400,800,700,2500,1600,2019-10-04,34842.086
09:41:02.712000,9.91,9.9,9.89,9.88,9.87,245,835,2000,1940,1800,9.92,9.93,9.94,9.95,9.96,700,600,1400,1500,2500,2019-10-04,34862.712
09:41:02.712000,9.91,9.9,9.89,9.88,9.87,245,835,2000,1940,1800,9.92,9.93,9.94,9.95,9.96,600,600,1400,1500,2500,2019-10-04,34862.712
09:41:02.712000,9.91,9.9,9.89,9.88,9.87,245,835,2000,1940,1800,9.92,9.93,9.94,9.95,9.96,500,600,1400,1500,2500,2019-10-04,34862.712
09:41:02.713000,9.91,9.9,9.89,9.88,9.87,245,800,2000,1940,1800,9.93,9.94,9.95,9.96,9.97,600,1400,1500,2500,1800,2019-10-04,34862.713
09:41:02.714000,9.92,9.91,9.9,9.89,9.88,345,545,800,2000,1940,9.93,9.94,9.95,9.96,9.97,800,1400,1500,2500,1800,2019-10-04,34862.714
09:41:02.714000,9.92,9.91,9.9,9.89,9.88,300,545,800,2000,1940,9.93,9.94,9.95,9.96,9.97,800,1400,1500,2500,1800,2019-10-04,34862.714
09:41:02.714000,9.92,9.91,9.9,9.89,9.88,200,545,800,2000,1940,9.93,9.94,9.95,9.96,9.97,800,1400,1500,2500,1800,2019-10-04,34862.714
09:41:02.714000,9.91,9.9,9.89,9.88,9.87,545,800,2000,1940,1800,9.93,9.94,9.95,9.96,9.97,800,1400,1500,2500,1800,2019-10-04,34862.714
09:41:02.916000,9.91,9.9,9.89,9.88,9.87,200,800,2000,1940,1800,9.92,9.93,9.94,9.95,9.96,800,800,700,1500,3300,2019-10-04,34862.916
09:41:02.916000,9.91,9.9,9.89,9.88,9.87,200,800,2000,1940,1800,9.92,9.93,9.94,9.95,9.96,500,800,700,1500,3300,2019-10-04,34862.916
09:41:02.916000,9.91,9.9,9.89,9.88,9.87,200,800,2000,1940,1800,9.92,9.93,9.94,9.95,9.96,400,800,700,1500,3300,2019-10-04,34862.916
09:41:02.916000,9.91,9.9,9.89,9.88,9.87,200,800,2000,1940,1800,9.92,9.93,9.94,9.95,9.96,200,800,700,1500,3300,2019-10-04,34862.916
09:41:02.916000,9.91,9.9,9.89,9.88,9.87,200,800,2000,1940,1800,9.92,9.93,9.94,9.95,9.96,100,800,700,1500,3300,2019-10-04,34862.916
09:41:02.916000,9.91,9.9,9.89,9.88,9.87,200,800,2000,1940,1800,9.93,9.94,9.95,9.96,9.97,800,700,1500,3300,1700,2019-10-04,34862.916
09:41:02.921000,9.92,9.91,9.9,9.89,9.88,200,500,800,2000,1940,9.93,9.94,9.95,9.96,9.97,1000,800,1500,3300,1700,2019-10-04,34862.921
09:41:02.921000,9.92,9.91,9.9,9.89,9.88,45,500,800,2000,1940,9.93,9.94,9.95,9.96,9.97,1000,800,1500,3300,1700,2019-10-04,34862.921
09:41:02.921000,9.91,9.9,9.89,9.88,9.87,500,800,2000,1940,1800,9.93,9.94,9.95,9.96,9.97,1545,800,1500,3300,1700,2019-10-04,34862.921
09:41:03.119000,9.91,9.9,9.89,9.88,9.87,200,800,2000,1940,1800,9.92,9.93,9.94,9.95,9.96,1445,1000,800,1500,3300,2019-10-04,34863.119
09:41:03.119000,9.91,9.9,9.89,9.88,9.87,200,800,2000,1940,1800,9.92,9.93,9.94,9.95,9.96,1245,1000,800,1500,3300,2019-10-04,34863.119
09:41:03.119000,9.91,9.9,9.89,9.88,9.87,200,800,2000,1940,1800,9.92,9.93,9.94,9.95,9.96,1045,1000,800,1500,3300,2019-10-04,34863.119
09:41:03.119000,9.91,9.9,9.89,9.88,9.87,200,800,2000,1940,1800,9.92,9.93,9.94,9.95,9.96,845,1000,800,1500,3300,2019-10-04,34863.119
09:41:03.119000,9.91,9.9,9.89,9.88,9.87,200,800,2000,1940,1800,9.92,9.93,9.94,9.95,9.96,800,1000,800,1500,3300,2019-10-04,34863.119
09:41:03.119000,9.91,9.9,9.89,9.88,9.87,200,800,2000,1940,1800,9.92,9.93,9.94,9.95,9.96,600,1000,800,1500,3300,2019-10-04,34863.119
09:41:03.119000,9.91,9.9,9.89,9.88,9.87,200,800,2000,1940,1800,9.92,9.93,9.94,9.95,9.96,500,1000,800,1500,3300,2019-10-04,34863.119
09:41:03.119000,9.91,9.9,9.89,9.88,9.87,200,800,2000,1940,1800,9.92,9.93,9.94,9.95,9.96,400,1000,800,1500,3300,2019-10-04,34863.119
09:41:03.119000,9.91,9.9,9.89,9.88,9.87,200,800,2000,1940,1800,9.93,9.94,9.95,9.96,9.97,1000,800,1500,3300,1700,2019-10-04,34863.119
09:41:05.360000,9.92,9.91,9.9,9.89,9.88,200,500,1900,2000,1800,9.93,9.94,9.95,9.96,9.97,399,700,600,4300,1600,2019-10-04,34865.36
09:41:07.770000,9.93,9.92,9.91,9.9,9.89,300,900,700,1900,2000,9.94,9.95,9.96,9.97,9.98,500,500,3200,1600,500,2019-10-04,34867.77
09:41:07.770000,9.93,9.92,9.91,9.9,9.89,200,900,700,1900,2000,9.94,9.95,9.96,9.97,9.98,500,500,3200,1600,500,2019-10-04,34867.77
09:41:07.770000,9.92,9.91,9.9,9.89,9.88,900,700,1900,2000,1800,9.94,9.95,9.96,9.97,9.98,500,500,3200,1600,500,2019-10-04,34867.77
09:41:18.777000,9.92,9.91,9.9,9.89,9.88,700,700,900,2000,1800,9.93,9.94,9.95,9.96,9.97,246,500,600,4300,1600,2019-10-04,34878.777
09:41:18.777000,9.92,9.91,9.9,9.89,9.88,700,700,900,2000,1800,9.93,9.94,9.95,9.96,9.97,200,500,600,4300,1600,2019-10-04,34878.777
09:41:18.777000,9.92,9.91,9.9,9.89,9.88,700,700,900,2000,1800,9.93,9.94,9.95,9.96,9.97,100,500,600,4300,1600,2019-10-04,34878.777
09:41:18.777000,9.92,9.91,9.9,9.89,9.88,700,700,900,2000,1800,9.93,9.94,9.95,9.96,9.97,46,500,600,4300,1600,2019-10-04,34878.777
09:41:18.777000,9.92,9.91,9.9,9.89,9.88,1000,700,900,2000,1800,9.94,9.95,9.96,9.97,9.98,500,600,4300,1600,500,2019-10-04,34878.777
09:41:23.095000,9.93,9.92,9.91,9.9,9.89,746,1000,1700,1900,2000,9.95,9.96,9.97,9.98,9.99,900,2400,600,2300,1400,2019-10-04,34883.095
09:41:26.413000,9.93,9.92,9.91,9.9,9.89,700,1000,800,1900,2000,9.94,9.95,9.96,9.97,9.98,346,900,2500,1600,2300,2019-10-04,34886.413
09:41:26.413000,9.93,9.92,9.91,9.9,9.89,700,1000,800,1900,2000,9.94,9.95,9.96,9.97,9.98,246,900,2500,1600,2300,2019-10-04,34886.413
09:41:26.413000,9.93,9.92,9.91,9.9,9.89,700,1000,800,1900,2000,9.94,9.95,9.96,9.97,9.98,200,900,2500,1600,2300,2019-10-04,34886.413
09:41:26.413000,9.93,9.92,9.91,9.9,9.89,700,1000,800,1900,2000,9.95,9.96,9.97,9.98,9.99,900,2500,1600,2300,1400,2019-10-04,34886.413
09:41:26.806000,9.93,9.92,9.91,9.9,9.89,800,1100,1800,1900,2000,9.95,9.96,9.97,9.98,9.99,1700,2500,1600,2300,1500,2019-10-04,34886.806
09:41:27.015000,9.93,9.92,9.91,9.9,9.89,700,1000,1800,1900,2000,9.94,9.95,9.96,9.97,9.98,846,900,2600,1600,2300,2019-10-04,34887.015
09:41:27.015000,9.93,9.92,9.91,9.9,9.89,700,1000,1800,1900,2000,9.94,9.95,9.96,9.97,9.98,646,900,2600,1600,2300,2019-10-04,34887.015
09:41:27.015000,9.93,9.92,9.91,9.9,9.89,700,1000,1800,1900,2000,9.94,9.95,9.96,9.97,9.98,600,900,2600,1600,2300,2019-10-04,34887.015
09:41:27.015000,9.93,9.92,9.91,9.9,9.89,700,1000,1800,1900,2000,9.94,9.95,9.96,9.97,9.98,400,900,2600,1600,2300,2019-10-04,34887.015
09:41:27.015000,9.93,9.92,9.91,9.9,9.89,700,1000,1800,1900,2000,9.94,9.95,9.96,9.97,9.98,372,900,2600,1600,2300,2019-10-04,34887.015
09:41:28.738000,9.93,9.92,9.91,9.9,9.89,300,1000,1800,1900,2000,9.94,9.95,9.96,9.97,9.98,400,900,2500,1600,2300,2019-10-04,34888.738
09:41:28.738000,9.93,9.92,9.91,9.9,9.89,200,1000,1800,1900,2000,9.94,9.95,9.96,9.97,9.98,400,900,2500,1600,2300,2019-10-04,34888.738
09:41:28.738000,9.93,9.92,9.91,9.9,9.89,100,1000,1800,1900,2000,9.94,9.95,9.96,9.97,9.98,400,900,2500,1600,2300,2019-10-04,34888.738
09:41:28.738000,9.92,9.91,9.9,9.89,9.88,1000,1800,1900,2000,800,9.94,9.95,9.96,9.97,9.98,400,900,2500,1600,2300,2019-10-04,34888.738
09:41:28.844000,9.92,9.91,9.9,9.89,9.88,1396,1800,1900,2000,800,9.94,9.95,9.96,9.97,9.98,400,900,2500,1600,2300,2019-10-04,34888.844
09:41:30.802000,9.93,9.92,9.91,9.9,9.89,1442,900,1800,1900,2000,9.94,9.95,9.96,9.97,9.98,100,600,2500,1600,2300,2019-10-04,34890.802
09:41:30.802000,9.93,9.92,9.91,9.9,9.89,1442,900,1800,1900,2000,9.95,9.96,9.97,9.98,9.99,600,2500,1600,2300,1400,2019-10-04,34890.802
09:41:33.623000,9.93,9.92,9.91,9.9,9.89,1342,900,1800,1900,2000,9.94,9.95,9.96,9.97,9.98,400,500,2500,1600,2300,2019-10-04,34893.623
09:41:33.623000,9.93,9.92,9.91,9.9,9.89,1342,900,1800,1900,2000,9.95,9.96,9.97,9.98,9.99,500,2500,1600,2300,1400,2019-10-04,34893.623
09:41:33.793000,9.94,9.93,9.92,9.91,9.9,1047,846,2000,1800,1900,9.95,9.96,9.97,9.98,9.99,600,2500,1600,2300,1400,2019-10-04,34893.793
09:41:33.793000,9.94,9.93,9.92,9.91,9.9,1047,846,2000,1800,1900,9.95,9.96,9.97,9.98,9.99,200,2500,1600,2300,1400,2019-10-04,34893.793
09:41:33.793000,9.94,9.93,9.92,9.91,9.9,1047,846,2000,1800,1900,9.96,9.97,9.98,9.99,10.0,2500,1600,2300,1400,600,2019-10-04,34893.793
09:41:33.823000,9.95,9.94,9.93,9.92,9.91,247,947,1146,2000,1800,9.96,9.97,9.98,9.99,10.0,3700,1600,1600,1400,1300,2019-10-04,34893.823
09:41:33.823000,9.95,9.94,9.93,9.92,9.91,200,947,1146,2000,1800,9.96,9.97,9.98,9.99,10.0,3700,1600,1600,1400,1300,2019-10-04,34893.823
09:41:33.823000,9.94,9.93,9.92,9.91,9.9,947,1146,2000,1800,1900,9.96,9.97,9.98,9.99,10.0,3700,1600,1600,1400,1300,2019-10-04,34893.823
09:41:37.496000,9.94,9.93,9.92,9.91,9.9,547,1046,2000,1800,1900,9.95,9.96,9.97,9.98,9.99,1147,2700,500,1500,1400,2019-10-04,34897.496
09:41:37.496000,9.94,9.93,9.92,9.91,9.9,547,1046,2000,1800,1900,9.95,9.96,9.97,9.98,9.99,1047,2700,500,1500,1400,2019-10-04,34897.496
09:41:37.496000,9.94,9.93,9.92,9.91,9.9,547,1046,2000,1800,1900,9.95,9.96,9.97,9.98,9.99,747,2700,500,1500,1400,2019-10-04,34897.496
09:41:37.496000,9.94,9.93,9.92,9.91,9.9,547,1046,2000,1800,1900,9.95,9.96,9.97,9.98,9.99,447,2700,500,1500,1400,2019-10-04,34897.496
09:41:37.496000,9.94,9.93,9.92,9.91,9.9,547,1046,2000,1800,1900,9.95,9.96,9.97,9.98,9.99,400,2700,500,1500,1400,2019-10-04,34897.496
09:41:37.496000,9.94,9.93,9.92,9.91,9.9,547,1046,2000,1800,1900,9.96,9.97,9.98,9.99,10.0,2700,500,1500,1400,1200,2019-10-04,34897.496
09:41:39.337000,9.95,9.94,9.93,9.92,9.91,547,747,2046,2000,1800,9.96,9.97,9.98,9.99,10.0,2100,400,400,1400,1200,2019-10-04,34899.337
09:41:39.337000,9.95,9.94,9.93,9.92,9.91,1547,747,2046,2000,1800,9.96,9.97,9.98,9.99,10.0,2000,400,400,1400,1200,2019-10-04,34899.337
09:41:39.337000,9.95,9.94,9.93,9.92,9.91,1547,747,2046,2000,1800,9.97,9.98,9.99,10.0,10.01,400,400,1400,1200,1400,2019-10-04,34899.337
09:41:39.338000,9.96,9.95,9.94,9.93,9.92,1547,784,2047,2046,2000,9.97,9.98,9.99,10.0,10.01,100,400,1500,1200,1300,2019-10-04,34899.338
09:41:39.838000,9.96,9.95,9.94,9.93,9.92,200,847,2047,2046,2000,9.97,9.98,9.99,10.0,10.01,700,300,600,2300,1700,2019-10-04,34899.838
09:41:39.838000,9.95,9.94,9.93,9.92,9.91,847,2047,2046,2000,1800,9.97,9.98,9.99,10.0,10.01,700,300,600,2300,1700,2019-10-04,34899.838
09:41:45.727000,9.95,9.94,9.93,9.92,9.91,100,947,2046,2000,1800,9.96,9.97,9.98,9.99,10.0,1047,500,400,1600,2200,2019-10-04,34905.727
09:41:45.727000,9.94,9.93,9.92,9.91,9.9,947,2046,2000,1800,900,9.96,9.97,9.98,9.99,10.0,1047,500,400,1600,2200,2019-10-04,34905.727
09:42:01.065000,9.94,9.93,9.92,9.91,9.9,600,1344,2000,1800,900,9.95,9.96,9.97,9.98,9.99,200,747,800,1500,1600,2019-10-04,34921.065
09:42:01.065000,9.94,9.93,9.92,9.91,9.9,600,1344,2000,1800,900,9.96,9.97,9.98,9.99,10.0,747,800,1500,1600,2200,2019-10-04,34921.065
09:42:03.133000,9.95,9.94,9.93,9.92,9.91,448,700,2046,2100,1800,9.96,9.97,9.98,9.99,10.0,700,800,500,1600,2300,2019-10-04,34923.133
09:42:03.133000,9.95,9.94,9.93,9.92,9.91,448,700,2046,2100,1800,9.96,9.97,9.98,9.99,10.0,647,800,500,1600,2300,2019-10-04,34923.133
09:42:09.874000,9.96,9.95,9.94,9.93,9.92,944,648,1800,2046,2000,9.97,9.98,9.99,10.0,10.01,100,200,900,2200,700,2019-10-04,34929.874
09:42:16.135000,9.96,9.95,9.94,9.93,9.92,800,1848,1800,2000,2000,9.98,9.99,10.0,10.01,10.02,1000,600,500,1800,2248,2019-10-04,34936.135
09:42:16.314000,9.96,9.95,9.94,9.93,9.92,100,1748,1800,2000,2000,9.97,9.98,9.99,10.0,10.01,3849,700,700,1500,1800,2019-10-04,34936.314
09:42:16.314000,9.95,9.94,9.93,9.92,9.91,1748,1800,2000,2000,800,9.97,9.98,9.99,10.0,10.01,3849,700,700,1500,1800,2019-10-04,34936.314
09:42:18.730000,9.94,9.93,9.92,9.91,9.9,600,2000,2000,800,900,9.96,9.97,9.98,9.99,10.0,1100,2649,1000,1700,1600,2019-10-04,34938.73
09:42:18.986000,9.94,9.93,9.92,9.91,9.9,1693,2000,2000,800,900,9.95,9.96,9.97,9.98,9.99,947,900,2649,2000,2500,2019-10-04,34938.986
09:42:18.986000,9.94,9.93,9.92,9.91,9.9,844,2000,2000,800,900,9.95,9.96,9.97,9.98,9.99,746,900,2649,2000,2500,2019-10-04,34938.986
09:42:18.986000,9.94,9.93,9.92,9.91,9.9,844,2000,2000,800,900,9.95,9.96,9.97,9.98,9.99,745,900,2649,2000,2500,2019-10-04,34938.986
09:42:18.986000,9.94,9.93,9.92,9.91,9.9,844,2000,2000,800,900,9.95,9.96,9.97,9.98,9.99,744,900,2649,2000,2500,2019-10-04,34938.986
09:42:19.960000,9.95,9.94,9.93,9.92,9.91,344,1000,2000,2000,800,9.96,9.97,9.98,9.99,10.0,1100,2549,900,2500,1600,2019-10-04,34939.96
09:42:19.960000,9.94,9.93,9.92,9.91,9.9,1000,2000,2000,800,900,9.96,9.97,9.98,9.99,10.0,1100,2549,900,2500,1600,2019-10-04,34939.96
09:42:44.755000,9.93,9.92,9.91,9.9,9.89,1100,1700,1800,1900,1000,9.95,9.96,9.97,9.98,9.99,1400,1200,2749,2100,2800,2019-10-04,34964.755
09:42:53.001000,9.93,9.92,9.91,9.9,9.89,900,1700,1900,1900,1000,9.95,9.96,9.97,9.98,9.99,1400,800,2649,2100,2800,2019-10-04,34973.001
09:44:00.861000,9.94,9.93,9.92,9.91,9.9,900,1100,1700,1800,1700,9.96,9.97,9.98,9.99,10.0,700,1049,2000,2800,1800,2019-10-04,35040.861
09:44:07.399000,9.95,9.94,9.93,9.92,9.91,100,500,2100,1700,1800,9.96,9.97,9.98,9.99,10.0,1233,1049,1000,2900,1800,2019-10-04,35047.399
09:44:07.399000,9.94,9.93,9.92,9.91,9.9,500,2100,1700,1800,1700,9.96,9.97,9.98,9.99,10.0,1233,1049,1000,2900,1800,2019-10-04,35047.399
09:44:07.403000,9.94,9.93,9.92,9.91,9.9,500,2100,1700,1800,1700,9.95,9.96,9.97,9.98,9.99,953,1205,1149,2000,2900,2019-10-04,35047.403
09:44:08.662000,9.94,9.93,9.92,9.91,9.9,600,1100,1700,1800,1700,9.95,9.96,9.97,9.98,9.99,800,600,1049,1900,2700,2019-10-04,35048.662
09:44:35.604000,9.95,9.94,9.93,9.92,9.91,100,500,2100,1700,1800,9.96,9.97,9.98,9.99,10.0,600,949,1000,2900,1800,2019-10-04,35075.604
09:44:35.604000,9.94,9.93,9.92,9.91,9.9,500,2100,1700,1800,1700,9.96,9.97,9.98,9.99,10.0,600,949,1000,2900,1800,2019-10-04,35075.604
09:44:58.208000,9.93,9.92,9.91,9.9,9.89,1000,700,1800,1800,1000,9.94,9.95,9.96,9.97,9.98,934,800,1000,2149,2100,2019-10-04,35098.208
09:44:58.208000,9.93,9.92,9.91,9.9,9.89,1000,700,1800,1800,1000,9.94,9.95,9.96,9.97,9.98,880,800,1000,2149,2100,2019-10-04,35098.208
09:44:58.208000,9.93,9.92,9.91,9.9,9.89,1000,700,1800,1800,1000,9.94,9.95,9.96,9.97,9.98,580,800,1000,2149,2100,2019-10-04,35098.208
09:44:58.208000,9.93,9.92,9.91,9.9,9.89,1000,700,1800,1800,1000,9.94,9.95,9.96,9.97,9.98,100,800,1000,2149,2100,2019-10-04,35098.208
09:44:58.208000,9.93,9.92,9.91,9.9,9.89,1000,700,1800,1800,1000,9.94,9.95,9.96,9.97,9.98,34,800,1000,2149,2100,2019-10-04,35098.208
09:45:02.299000,9.93,9.92,9.91,9.9,9.89,300,600,1800,1800,1000,9.94,9.95,9.96,9.97,9.98,1600,1300,1200,2249,2100,2019-10-04,35102.299
09:45:02.299000,9.93,9.92,9.91,9.9,9.89,300,600,1800,1800,1000,9.94,9.95,9.96,9.97,9.98,1300,1300,1200,2249,2100,2019-10-04,35102.299
09:45:02.299000,9.93,9.92,9.91,9.9,9.89,300,600,1800,1800,1000,9.94,9.95,9.96,9.97,9.98,1200,1300,1200,2249,2100,2019-10-04,35102.299
09:45:02.299000,9.93,9.92,9.91,9.9,9.89,300,600,1800,1800,1000,9.94,9.95,9.96,9.97,9.98,1000,1300,1200,2249,2100,2019-10-04,35102.299
09:45:02.299000,9.93,9.92,9.91,9.9,9.89,300,600,1800,1800,1000,9.94,9.95,9.96,9.97,9.98,900,1300,1200,2249,2100,2019-10-04,35102.299
09:45:02.299000,9.93,9.92,9.91,9.9,9.89,300,600,1800,1800,1000,9.94,9.95,9.96,9.97,9.98,500,1300,1200,2249,2100,2019-10-04,35102.299
09:45:02.299000,9.93,9.92,9.91,9.9,9.89,300,600,1800,1800,1000,9.94,9.95,9.96,9.97,9.98,134,1300,1200,2249,2100,2019-10-04,35102.299
09:46:03.377000,9.93,9.92,9.91,9.9,9.89,800,700,1800,2200,1300,9.94,9.95,9.96,9.97,9.98,300,1000,1100,2149,2300,2019-10-04,35163.377
09:46:03.377000,9.93,9.92,9.91,9.9,9.89,800,700,1800,2200,1300,9.94,9.95,9.96,9.97,9.98,285,1000,1100,2149,2300,2019-10-04,35163.377
09:46:03.377000,9.93,9.92,9.91,9.9,9.89,1100,700,1800,2200,1300,9.94,9.95,9.96,9.97,9.98,99,1000,1100,2149,2300,2019-10-04,35163.377
09:46:03.377000,9.93,9.92,9.91,9.9,9.89,1400,700,1800,2200,1300,9.95,9.96,9.97,9.98,9.99,1000,1100,2149,2300,3400,2019-10-04,35163.377
09:47:05.207000,9.96,9.95,9.94,9.93,9.92,430,700,2257,2100,1900,9.97,9.98,9.99,10.0,10.01,1613,1000,1000,2200,2400,2019-10-04,35225.207
09:48:25.318000,9.96,9.95,9.94,9.93,9.92,900,1000,2057,2300,1800,9.97,9.98,9.99,10.0,10.01,400,1000,900,1800,2200,2019-10-04,35305.318
09:48:25.318000,9.96,9.95,9.94,9.93,9.92,800,1000,2057,2300,1800,9.97,9.98,9.99,10.0,10.01,400,1000,900,1800,2200,2019-10-04,35305.318
09:48:25.318000,9.96,9.95,9.94,9.93,9.92,500,1000,2057,2300,1800,9.97,9.98,9.99,10.0,10.01,400,1000,900,1800,2200,2019-10-04,35305.318
09:48:25.318000,9.96,9.95,9.94,9.93,9.92,400,1000,2057,2300,1800,9.97,9.98,9.99,10.0,10.01,400,1000,900,1800,2200,2019-10-04,35305.318
09:48:25.318000,9.96,9.95,9.94,9.93,9.92,367,1000,2057,2300,1800,9.97,9.98,9.99,10.0,10.01,400,1000,900,1800,2200,2019-10-04,35305.318
09:48:25.318000,9.96,9.95,9.94,9.93,9.92,300,1000,2057,2300,1800,9.97,9.98,9.99,10.0,10.01,700,1000,900,1800,2200,2019-10-04,35305.318
09:48:25.318000,9.95,9.94,9.93,9.92,9.91,1000,2057,2300,1800,2200,9.97,9.98,9.99,10.0,10.01,700,1000,900,1800,2200,2019-10-04,35305.318
09:48:32.531000,9.95,9.94,9.93,9.92,9.91,1000,1157,2200,1800,2200,9.96,9.97,9.98,9.99,10.0,863,600,1000,1900,1800,2019-10-04,35312.531
09:48:32.531000,9.95,9.94,9.93,9.92,9.91,1000,1157,2200,1800,2200,9.96,9.97,9.98,9.99,10.0,800,600,1000,1900,1800,2019-10-04,35312.531
09:48:32.531000,9.95,9.94,9.93,9.92,9.91,1000,1157,2200,1800,2200,9.96,9.97,9.98,9.99,10.0,663,600,1000,1900,1800,2019-10-04,35312.531
09:48:32.532000,9.95,9.94,9.93,9.92,9.91,1130,1157,2300,1800,2200,9.96,9.97,9.98,9.99,10.0,500,600,1000,1900,1700,2019-10-04,35312.532
09:48:32.532000,9.95,9.94,9.93,9.92,9.91,1130,1157,2300,1800,2200,9.96,9.97,9.98,9.99,10.0,463,600,1000,1900,1700,2019-10-04,35312.532
09:48:33.930000,9.95,9.94,9.93,9.92,9.91,1200,1157,2300,1800,2400,9.96,9.97,9.98,9.99,10.0,63,600,900,1800,1800,2019-10-04,35313.93
09:48:33.930000,9.95,9.94,9.93,9.92,9.91,1230,1157,2300,1800,2400,9.96,9.97,9.98,9.99,10.0,62,600,900,1800,1700,2019-10-04,35313.93
09:48:34.376000,9.95,9.94,9.93,9.92,9.91,1200,1257,2300,1800,2400,9.96,9.97,9.98,9.99,10.0,400,600,1000,1800,1900,2019-10-04,35314.376
09:48:34.376000,9.95,9.94,9.93,9.92,9.91,1200,1257,2300,1800,2400,9.96,9.97,9.98,9.99,10.0,100,600,1000,1800,1900,2019-10-04,35314.376
09:48:34.376000,9.95,9.94,9.93,9.92,9.91,1200,1257,2300,1800,2400,9.96,9.97,9.98,9.99,10.0,62,600,1000,1800,1900,2019-10-04,35314.376
09:48:38.378000,9.96,9.95,9.94,9.93,9.92,100,1300,2057,2100,1800,9.97,9.98,9.99,10.0,10.01,500,1100,900,2100,2100,2019-10-04,35318.378
09:48:38.378000,9.96,9.95,9.94,9.93,9.92,42,1300,2057,2100,1800,9.97,9.98,9.99,10.0,10.01,500,1100,900,2100,2100,2019-10-04,35318.378
09:48:38.378000,9.95,9.94,9.93,9.92,9.91,1300,2057,2100,1800,2300,9.97,9.98,9.99,10.0,10.01,800,1100,900,2100,2100,2019-10-04,35318.378
09:48:53.353000,9.95,9.94,9.93,9.92,9.91,900,1057,2100,2100,2300,9.96,9.97,9.98,9.99,10.0,564,700,1100,2000,2200,2019-10-04,35333.353
09:48:53.353000,9.95,9.94,9.93,9.92,9.91,878,1057,2100,2100,2300,9.96,9.97,9.98,9.99,10.0,564,700,1100,2000,2200,2019-10-04,35333.353
09:48:53.353000,9.95,9.94,9.93,9.92,9.91,800,1057,2100,2100,2300,9.96,9.97,9.98,9.99,10.0,564,700,1100,2000,2200,2019-10-04,35333.353
09:48:53.353000,9.95,9.94,9.93,9.92,9.91,500,1057,2100,2100,2300,9.96,9.97,9.98,9.99,10.0,564,700,1100,2000,2200,2019-10-04,35333.353
09:48:53.353000,9.95,9.94,9.93,9.92,9.91,400,1057,2100,2100,2300,9.96,9.97,9.98,9.99,10.0,564,700,1100,2000,2200,2019-10-04,35333.353
09:48:53.353000,9.95,9.94,9.93,9.92,9.91,300,1057,2100,2100,2300,9.96,9.97,9.98,9.99,10.0,564,700,1100,2000,2200,2019-10-04,35333.353
09:48:53.353000,9.94,9.93,9.92,9.91,9.9,1057,2100,2100,2300,800,9.96,9.97,9.98,9.99,10.0,564,700,1100,2000,2200,2019-10-04,35333.353
09:48:53.853000,9.93,9.92,9.91,9.9,9.89,1100,2100,2300,800,1100,9.95,9.96,9.97,9.98,9.99,1864,1464,1200,2100,2000,2019-10-04,35333.853
09:49:08.070000,9.93,9.92,9.91,9.9,9.89,900,1700,2100,900,2300,9.95,9.96,9.97,9.98,9.99,1264,1564,1200,3000,2300,2019-10-04,35348.07
09:49:39.664000,9.93,9.92,9.91,9.9,9.89,1200,700,1200,2000,2300,9.94,9.95,9.96,9.97,9.98,300,1664,1464,2100,3200,2019-10-04,35379.664
09:49:39.664000,9.93,9.92,9.91,9.9,9.89,1200,700,1200,2000,2300,9.94,9.95,9.96,9.97,9.98,200,1664,1464,2100,3200,2019-10-04,35379.664
09:49:39.664000,9.93,9.92,9.91,9.9,9.89,1200,700,1200,2000,2300,9.94,9.95,9.96,9.97,9.98,100,1664,1464,2100,3200,2019-10-04,35379.664
09:49:39.664000,9.93,9.92,9.91,9.9,9.89,1200,700,1200,2000,2300,9.94,9.95,9.96,9.97,9.98,65,1664,1464,2100,3200,2019-10-04,35379.664
09:49:40.864000,9.94,9.93,9.92,9.91,9.9,30,1100,800,2300,2000,9.95,9.96,9.97,9.98,9.99,1664,1464,1100,3200,1900,2019-10-04,35380.864
09:49:40.864000,9.93,9.92,9.91,9.9,9.89,1100,800,2300,2000,2400,9.95,9.96,9.97,9.98,9.99,1664,1464,1100,3200,1900,2019-10-04,35380.864
09:49:43.968000,9.94,9.93,9.92,9.91,9.9,100,1200,700,2200,1900,9.95,9.96,9.97,9.98,9.99,1695,1464,1100,3400,1900,2019-10-04,35383.968
09:49:43.968000,9.93,9.92,9.91,9.9,9.89,1200,700,2200,1900,2300,9.95,9.96,9.97,9.98,9.99,1695,1464,1100,3400,1900,2019-10-04,35383.968
09:49:47.915000,9.93,9.92,9.91,9.9,9.89,200,600,1200,1900,2300,9.94,9.95,9.96,9.97,9.98,1267,1764,1464,2100,3300,2019-10-04,35387.915
09:49:47.915000,9.93,9.92,9.91,9.9,9.89,100,600,1200,1900,2300,9.94,9.95,9.96,9.97,9.98,1267,1764,1464,2100,3300,2019-10-04,35387.915
09:49:47.915000,9.92,9.91,9.9,9.89,9.88,600,1200,1900,2300,1400,9.94,9.95,9.96,9.97,9.98,1267,1764,1464,2100,3300,2019-10-04,35387.915
09:49:59.108000,9.92,9.91,9.9,9.89,9.88,800,2300,1900,2500,1400,9.94,9.95,9.96,9.97,9.98,867,1364,1464,2500,3300,2019-10-04,35399.108
09:50:00.208000,9.91,9.9,9.89,9.88,9.87,1200,1700,2400,1300,2100,9.93,9.94,9.95,9.96,9.97,2567,1367,1464,2464,2500,2019-10-04,35400.208
09:50:00.216000,9.91,9.9,9.89,9.88,9.87,1600,1700,2400,1300,2100,9.92,9.93,9.94,9.95,9.96,1288,1968,1067,2464,2464,2019-10-04,35400.216
09:50:00.216000,9.91,9.9,9.89,9.88,9.87,1600,1700,2400,1300,2100,9.92,9.93,9.94,9.95,9.96,1220,1968,1067,2464,2464,2019-10-04,35400.216
09:50:00.216000,9.91,9.9,9.89,9.88,9.87,1600,1700,2400,1300,2100,9.92,9.93,9.94,9.95,9.96,720,1968,1067,2464,2464,2019-10-04,35400.216
09:50:00.216000,9.91,9.9,9.89,9.88,9.87,1600,1700,2400,1300,2100,9.92,9.93,9.94,9.95,9.96,583,1968,1067,2464,2464,2019-10-04,35400.216
09:50:00.216000,9.91,9.9,9.89,9.88,9.87,2500,1700,2400,1300,2100,9.92,9.93,9.94,9.95,9.96,320,1968,1067,2464,2464,2019-10-04,35400.216
09:50:00.216000,9.91,9.9,9.89,9.88,9.87,2500,1700,2400,1300,2100,9.93,9.94,9.95,9.96,9.97,1968,1067,2464,2464,2500,2019-10-04,35400.216
09:50:44.629000,9.92,9.91,9.9,9.89,9.88,2168,1500,1900,2400,1600,9.94,9.95,9.96,9.97,9.98,867,1364,2464,2600,2800,2019-10-04,35444.629
09:50:44.630000,9.92,9.91,9.9,9.89,9.88,2979,1500,1900,2400,1600,9.93,9.94,9.95,9.96,9.97,255,467,1364,2464,2600,2019-10-04,35444.63
09:50:44.631000,9.92,9.91,9.9,9.89,9.88,2879,1500,1900,2400,1600,9.93,9.94,9.95,9.96,9.97,254,467,1364,2464,2600,2019-10-04,35444.631
09:50:44.631000,9.92,9.91,9.9,9.89,9.88,2879,1500,1900,2400,1600,9.93,9.94,9.95,9.96,9.97,253,787,1364,2464,2600,2019-10-04,35444.631
09:50:44.631000,9.92,9.91,9.9,9.89,9.88,2839,1500,1900,2400,1600,9.94,9.95,9.96,9.97,9.98,787,1364,2464,2600,2800,2019-10-04,35444.631
09:50:44.632000,9.92,9.91,9.9,9.89,9.88,2568,1500,2000,2400,1600,9.94,9.95,9.96,9.97,9.98,787,1364,2464,2600,2800,2019-10-04,35444.632
09:50:44.637000,9.92,9.91,9.9,9.89,9.88,2035,1500,2000,2400,1600,9.93,9.94,9.95,9.96,9.97,553,787,1364,2464,2600,2019-10-04,35444.637
09:50:47.083000,9.92,9.91,9.9,9.89,9.88,2035,1500,2000,2400,1600,9.93,9.94,9.95,9.96,9.97,253,1187,1364,2464,2600,2019-10-04,35447.083
09:51:01.493000,9.92,9.91,9.9,9.89,9.88,2035,1500,1800,2600,1600,9.93,9.94,9.95,9.96,9.97,400,867,1464,2464,2600,2019-10-04,35461.493
09:51:01.493000,9.92,9.91,9.9,9.89,9.88,2035,1500,1800,2600,1600,9.93,9.94,9.95,9.96,9.97,100,867,1464,2464,2600,2019-10-04,35461.493
09:51:01.493000,9.92,9.91,9.9,9.89,9.88,2035,1500,1800,2600,1600,9.94,9.95,9.96,9.97,9.98,867,1464,2464,2600,2800,2019-10-04,35461.493
09:51:01.494000,9.93,9.92,9.91,9.9,9.89,800,2400,2200,2000,2600,9.94,9.95,9.96,9.97,9.98,367,1464,2464,2500,2900,2019-10-04,35461.494
09:51:01.494000,9.93,9.92,9.91,9.9,9.89,500,2400,2200,2000,2600,9.94,9.95,9.96,9.97,9.98,367,1464,2464,2500,2900,2019-10-04,35461.494
09:51:01.494000,9.93,9.92,9.91,9.9,9.89,400,2400,2200,2000,2600,9.94,9.95,9.96,9.97,9.98,367,1464,2464,2500,2900,2019-10-04,35461.494
09:51:01.494000,9.92,9.91,9.9,9.89,9.88,2400,2200,2000,2600,1600,9.94,9.95,9.96,9.97,9.98,367,1464,2464,2500,2900,2019-10-04,35461.494
09:51:01.709000,9.92,9.91,9.9,9.89,9.88,3445,2200,2000,2600,1600,9.93,9.94,9.95,9.96,9.97,1472,867,1464,2464,2500,2019-10-04,35461.709
09:51:01.709000,9.92,9.91,9.9,9.89,9.88,3445,2200,2000,2600,1600,9.93,9.94,9.95,9.96,9.97,1400,867,1464,2464,2500,2019-10-04,35461.709
09:51:01.709000,9.92,9.91,9.9,9.89,9.88,3445,2200,2000,2600,1600,9.93,9.94,9.95,9.96,9.97,800,867,1464,2464,2500,2019-10-04,35461.709
09:51:01.709000,9.92,9.91,9.9,9.89,9.88,3445,2200,2000,2600,1600,9.93,9.94,9.95,9.96,9.97,500,867,1464,2464,2500,2019-10-04,35461.709
09:51:01.709000,9.92,9.91,9.9,9.89,9.88,3445,2200,2000,2600,1600,9.94,9.95,9.96,9.97,9.98,867,1464,2464,2500,2900,2019-10-04,35461.709
09:51:01.709000,9.92,9.91,9.9,9.89,9.88,2613,2200,2000,2600,1600,9.93,9.94,9.95,9.96,9.97,200,867,1464,2464,2500,2019-10-04,35461.709
09:51:01.709000,9.92,9.91,9.9,9.89,9.88,2613,2200,2000,2600,1600,9.93,9.94,9.95,9.96,9.97,100,867,1464,2464,2500,2019-10-04,35461.709
09:51:01.709000,9.92,9.91,9.9,9.89,9.88,2613,2200,2000,2600,1600,9.94,9.95,9.96,9.97,9.98,867,1464,2464,2500,2900,2019-10-04,35461.709
09:51:01.709000,9.92,9.91,9.9,9.89,9.88,3613,2200,2000,2600,1600,9.93,9.94,9.95,9.96,9.97,400,467,1464,2464,2500,2019-10-04,35461.709
09:51:01.710000,9.92,9.91,9.9,9.89,9.88,3313,2200,2000,2600,1600,9.94,9.95,9.96,9.97,9.98,467,1464,2464,2500,2900,2019-10-04,35461.71
09:51:01.710000,9.93,9.92,9.91,9.9,9.89,2873,2101,2200,2000,2600,9.94,9.95,9.96,9.97,9.98,567,1464,2464,2500,2900,2019-10-04,35461.71
09:51:01.710000,9.93,9.92,9.91,9.9,9.89,2173,2101,2200,2000,2600,9.94,9.95,9.96,9.97,9.98,567,1464,2464,2500,2900,2019-10-04,35461.71
09:51:01.710000,9.93,9.92,9.91,9.9,9.89,1473,2101,2200,2000,2600,9.94,9.95,9.96,9.97,9.98,567,1464,2464,2500,2900,2019-10-04,35461.71
09:51:01.710000,9.93,9.92,9.91,9.9,9.89,1173,2101,2200,2000,2600,9.94,9.95,9.96,9.97,9.98,567,1464,2464,2500,2900,2019-10-04,35461.71
09:51:01.710000,9.93,9.92,9.91,9.9,9.89,1101,2101,2200,2000,2600,9.94,9.95,9.96,9.97,9.98,567,1464,2464,2500,2900,2019-10-04,35461.71
09:51:01.710000,9.93,9.92,9.91,9.9,9.89,401,2101,2200,2000,2600,9.94,9.95,9.96,9.97,9.98,567,1464,2464,2500,2900,2019-10-04,35461.71
09:51:01.710000,9.93,9.92,9.91,9.9,9.89,1,2101,2200,2000,2600,9.94,9.95,9.96,9.97,9.98,567,1464,2464,2500,2900,2019-10-04,35461.71
09:51:01.710000,9.92,9.91,9.9,9.89,9.88,2101,2200,2000,2600,1600,9.94,9.95,9.96,9.97,9.98,567,1464,2464,2500,2900,2019-10-04,35461.71
09:51:01.878000,9.92,9.91,9.9,9.89,9.88,1902,2200,2000,2600,1600,9.93,9.94,9.95,9.96,9.97,1972,1067,1464,2464,2500,2019-10-04,35461.878
09:51:01.878000,9.92,9.91,9.9,9.89,9.88,1902,2200,2000,2600,1600,9.93,9.94,9.95,9.96,9.97,1900,1067,1464,2464,2500,2019-10-04,35461.878
09:51:01.878000,9.92,9.91,9.9,9.89,9.88,1902,2200,2000,2600,1600,9.93,9.94,9.95,9.96,9.97,1200,1067,1464,2464,2500,2019-10-04,35461.878
09:51:01.878000,9.92,9.91,9.9,9.89,9.88,1902,2200,2000,2600,1600,9.93,9.94,9.95,9.96,9.97,500,1067,1464,2464,2500,2019-10-04,35461.878
09:51:01.878000,9.92,9.91,9.9,9.89,9.88,1902,2200,2000,2600,1600,9.94,9.95,9.96,9.97,9.98,1067,1464,2464,2500,2800,2019-10-04,35461.878
09:51:01.878000,9.92,9.91,9.9,9.89,9.88,3714,2200,2000,2600,1600,9.93,9.94,9.95,9.96,9.97,466,1067,1464,2464,2500,2019-10-04,35461.878
09:51:01.878000,9.92,9.91,9.9,9.89,9.88,3714,2200,2000,2600,1600,9.93,9.94,9.95,9.96,9.97,382,1067,1464,2464,2500,2019-10-04,35461.878
09:51:01.878000,9.92,9.91,9.9,9.89,9.88,4314,2200,2000,2600,1600,9.93,9.94,9.95,9.96,9.97,34,1067,1464,2464,2500,2019-10-04,35461.878
09:51:01.878000,9.93,9.92,9.91,9.9,9.89,1172,3142,2200,2000,2600,9.94,9.95,9.96,9.97,9.98,1533,1464,2464,2500,2800,2019-10-04,35461.878
09:51:01.879000,9.93,9.92,9.91,9.9,9.89,1072,2842,2200,2000,2600,9.94,9.95,9.96,9.97,9.98,667,1464,2464,2500,2800,2019-10-04,35461.879
09:51:01.879000,9.93,9.92,9.91,9.9,9.89,1000,2842,2200,2000,2600,9.94,9.95,9.96,9.97,9.98,667,1464,2464,2500,2800,2019-10-04,35461.879
09:51:01.879000,9.93,9.92,9.91,9.9,9.89,900,2842,2200,2000,2600,9.94,9.95,9.96,9.97,9.98,667,1464,2464,2500,2800,2019-10-04,35461.879
09:51:01.879000,9.93,9.92,9.91,9.9,9.89,600,2842,2200,2000,2600,9.94,9.95,9.96,9.97,9.98,667,1464,2464,2500,2800,2019-10-04,35461.879
09:51:01.879000,9.93,9.92,9.91,9.9,9.89,200,2842,2200,2000,2600,9.94,9.95,9.96,9.97,9.98,667,1464,2464,2500,2800,2019-10-04,35461.879
09:51:01.879000,9.92,9.91,9.9,9.89,9.88,2842,2200,2000,2600,1600,9.94,9.95,9.96,9.97,9.98,667,1464,2464,2500,2800,2019-10-04,35461.879
09:51:11.166000,9.92,9.91,9.9,9.89,9.88,703,1200,1800,2500,1700,9.93,9.94,9.95,9.96,9.97,600,967,1464,2464,2600,2019-10-04,35471.166
09:51:11.613000,9.92,9.91,9.9,9.89,9.88,703,1200,1800,2500,1800,9.93,9.94,9.95,9.96,9.97,400,967,1464,2464,2600,2019-10-04,35471.613
09:51:11.613000,9.92,9.91,9.9,9.89,9.88,703,1200,1800,2500,1800,9.94,9.95,9.96,9.97,9.98,967,1464,2464,2600,2800,2019-10-04,35471.613
09:51:15.413000,9.93,9.92,9.91,9.9,9.89,1000,1300,2400,2100,2300,9.94,9.95,9.96,9.97,9.98,66,1264,1464,2600,2800,2019-10-04,35475.413
09:51:15.414000,9.93,9.92,9.91,9.9,9.89,1000,1300,2400,2100,2300,9.94,9.95,9.96,9.97,9.98,65,1264,1464,2600,2800,2019-10-04,35475.414
09:51:15.414000,9.93,9.92,9.91,9.9,9.89,1000,1300,2400,2100,2300,9.94,9.95,9.96,9.97,9.98,64,1264,1464,2600,2800,2019-10-04,35475.414
09:51:18.254000,9.93,9.92,9.91,9.9,9.89,700,1300,2400,2100,2400,9.94,9.95,9.96,9.97,9.98,300,1264,1464,2500,2900,2019-10-04,35478.254
09:51:18.254000,9.93,9.92,9.91,9.9,9.89,500,1300,2400,2100,2400,9.94,9.95,9.96,9.97,9.98,300,1264,1464,2500,2900,2019-10-04,35478.254
09:51:18.254000,9.93,9.92,9.91,9.9,9.89,200,1300,2400,2100,2400,9.94,9.95,9.96,9.97,9.98,300,1264,1464,2500,2900,2019-10-04,35478.254
09:51:18.254000,9.93,9.92,9.91,9.9,9.89,100,1300,2400,2100,2400,9.94,9.95,9.96,9.97,9.98,300,1264,1464,2500,2900,2019-10-04,35478.254
09:51:18.254000,9.92,9.91,9.9,9.89,9.88,1300,2400,2100,2400,1800,9.94,9.95,9.96,9.97,9.98,300,1264,1464,2500,2900,2019-10-04,35478.254
09:51:23.641000,9.92,9.91,9.9,9.89,9.88,1010,1200,2100,2100,1800,9.93,9.94,9.95,9.96,9.97,700,1000,1464,2464,2600,2019-10-04,35483.641
09:51:23.641000,9.92,9.91,9.9,9.89,9.88,1010,1200,2100,2100,1800,9.93,9.94,9.95,9.96,9.97,400,1000,1464,2464,2600,2019-10-04,35483.641
09:51:23.641000,9.92,9.91,9.9,9.89,9.88,1010,1200,2100,2100,1800,9.93,9.94,9.95,9.96,9.97,373,1000,1464,2464,2600,2019-10-04,35483.641
09:51:23.641000,9.92,9.91,9.9,9.89,9.88,901,1200,2100,2100,1800,9.93,9.94,9.95,9.96,9.97,372,1000,1464,2464,2600,2019-10-04,35483.641
09:51:29.206000,9.92,9.91,9.9,9.89,9.88,900,2200,1900,2100,1700,9.94,9.95,9.96,9.97,9.98,2274,1464,1564,2700,2900,2019-10-04,35489.206
09:52:06.150000,9.92,9.91,9.9,9.89,9.88,1300,1200,2000,2300,1600,9.93,9.94,9.95,9.96,9.97,1242,1600,1464,2464,2600,2019-10-04,35526.15
09:53:49.548000,9.92,9.91,9.9,9.89,9.88,1800,1200,2000,3100,1800,9.94,9.95,9.96,9.97,9.98,800,1364,3864,2300,2900,2019-10-04,35629.548
09:54:19.727000,9.92,9.91,9.9,9.89,9.88,1700,1200,1000,3200,1900,9.94,9.95,9.96,9.97,9.98,1100,1464,4964,2200,2900,2019-10-04,35659.727
09:54:19.727000,9.92,9.91,9.9,9.89,9.88,3018,1200,2000,3200,1900,9.93,9.94,9.95,9.96,9.97,700,1100,1464,4964,2200,2019-10-04,35659.727
09:54:19.728000,9.92,9.91,9.9,9.89,9.88,2982,1200,2000,3200,1900,9.93,9.94,9.95,9.96,9.97,1399,1100,1464,4964,2200,2019-10-04,35659.728
09:54:19.728000,9.92,9.91,9.9,9.89,9.88,3082,1200,2000,3200,1900,9.93,9.94,9.95,9.96,9.97,1398,1100,1464,4964,2200,2019-10-04,35659.728
09:54:19.729000,9.92,9.91,9.9,9.89,9.88,2800,1200,2000,3200,1900,9.93,9.94,9.95,9.96,9.97,1398,1100,1464,4964,2200,2019-10-04,35659.729
09:54:19.729000,9.92,9.91,9.9,9.89,9.88,2482,1200,2000,3200,1900,9.93,9.94,9.95,9.96,9.97,1398,1100,1464,4964,2200,2019-10-04,35659.729
09:54:19.729000,9.92,9.91,9.9,9.89,9.88,2382,1200,2000,3200,1900,9.93,9.94,9.95,9.96,9.97,1398,1100,1464,4964,2200,2019-10-04,35659.729
09:54:19.729000,9.92,9.91,9.9,9.89,9.88,2300,1100,2000,3200,1900,9.93,9.94,9.95,9.96,9.97,1698,1100,1464,4964,2200,2019-10-04,35659.729
09:54:19.729000,9.92,9.91,9.9,9.89,9.88,2282,1100,2000,3200,1900,9.93,9.94,9.95,9.96,9.97,1698,1100,1464,4964,2200,2019-10-04,35659.729
09:54:19.729000,9.92,9.91,9.9,9.89,9.88,1900,1100,2000,3200,1900,9.93,9.94,9.95,9.96,9.97,1698,1100,1464,4964,2200,2019-10-04,35659.729
09:54:19.729000,9.92,9.91,9.9,9.89,9.88,1600,1100,2000,3200,1900,9.93,9.94,9.95,9.96,9.97,3198,1200,1464,4964,2200,2019-10-04,35659.729
09:54:19.729000,9.92,9.91,9.9,9.89,9.88,1500,1100,2000,3200,1900,9.93,9.94,9.95,9.96,9.97,3198,1200,1464,4964,2200,2019-10-04,35659.729
09:54:19.729000,9.92,9.91,9.9,9.89,9.88,1200,1100,2000,3200,1900,9.93,9.94,9.95,9.96,9.97,3198,1200,1564,4964,2200,2019-10-04,35659.729
09:54:19.729000,9.92,9.91,9.9,9.89,9.88,1100,1100,2000,3200,1900,9.93,9.94,9.95,9.96,9.97,3198,1200,1564,4964,2200,2019-10-04,35659.729
09:54:19.729000,9.92,9.91,9.9,9.89,9.88,1000,1100,2000,3200,1900,9.93,9.94,9.95,9.96,9.97,3198,1200,1564,4964,2200,2019-10-04,35659.729
09:54:19.729000,9.92,9.91,9.9,9.89,9.88,433,1100,2000,3200,1900,9.93,9.94,9.95,9.96,9.97,3198,1200,1564,4964,2200,2019-10-04,35659.729
09:54:19.729000,9.92,9.91,9.9,9.89,9.88,400,1100,2000,3200,1900,9.93,9.94,9.95,9.96,9.97,3380,1200,1564,4964,2200,2019-10-04,35659.729
09:54:19.729000,9.92,9.91,9.9,9.89,9.88,300,1100,2000,3200,1900,9.93,9.94,9.95,9.96,9.97,3380,1200,1564,4964,2200,2019-10-04,35659.729
09:54:19.729000,9.92,9.91,9.9,9.89,9.88,247,1100,2000,3200,1900,9.93,9.94,9.95,9.96,9.97,3380,1200,1564,4964,2200,2019-10-04,35659.729
09:54:19.729000,9.92,9.91,9.9,9.89,9.88,100,1100,2000,3200,1900,9.93,9.94,9.95,9.96,9.97,4962,1200,1564,4964,2200,2019-10-04,35659.729
09:54:19.729000,9.91,9.9,9.89,9.88,9.87,1100,2000,3200,1900,2800,9.93,9.94,9.95,9.96,9.97,4962,1200,1564,4964,2200,2019-10-04,35659.729
09:54:19.867000,9.91,9.9,9.89,9.88,9.87,1100,2000,3200,1900,2800,9.92,9.93,9.94,9.95,9.96,880,1400,1300,2564,4900,2019-10-04,35659.867
09:54:19.867000,9.91,9.9,9.89,9.88,9.87,1100,2000,3200,1900,2800,9.92,9.93,9.94,9.95,9.96,798,1400,1300,2564,4900,2019-10-04,35659.867
09:54:19.867000,9.91,9.9,9.89,9.88,9.87,1100,2000,3200,1900,2800,9.92,9.93,9.94,9.95,9.96,300,1400,1300,2564,4900,2019-10-04,35659.867
09:54:19.867000,9.91,9.9,9.89,9.88,9.87,1100,2000,3200,1900,2800,9.93,9.94,9.95,9.96,9.97,1400,1300,2564,4900,2200,2019-10-04,35659.867
09:54:19.871000,9.91,9.9,9.89,9.88,9.87,1500,2000,3200,1900,2800,9.92,9.93,9.94,9.95,9.96,1200,500,1300,2564,4900,2019-10-04,35659.871
09:54:36.660000,9.91,9.9,9.89,9.88,9.87,900,900,2600,2600,2700,9.92,9.93,9.94,9.95,9.96,2200,900,1300,2564,5400,2019-10-04,35676.66
09:54:36.660000,9.91,9.9,9.89,9.88,9.87,804,900,2600,2600,2700,9.92,9.93,9.94,9.95,9.96,2200,900,1300,2564,5400,2019-10-04,35676.66
09:54:36.662000,9.91,9.9,9.89,9.88,9.87,700,900,2600,2600,2700,9.92,9.93,9.94,9.95,9.96,2100,1200,1300,2564,5400,2019-10-04,35676.662
09:54:36.662000,9.91,9.9,9.89,9.88,9.87,400,900,2600,2600,2700,9.92,9.93,9.94,9.95,9.96,2100,1200,1300,2564,5400,2019-10-04,35676.662
09:54:36.662000,9.91,9.9,9.89,9.88,9.87,100,900,2600,2600,2700,9.92,9.93,9.94,9.95,9.96,2100,1200,1300,2564,5400,2019-10-04,35676.662
09:54:36.662000,9.91,9.9,9.89,9.88,9.87,4,900,2600,2600,2700,9.92,9.93,9.94,9.95,9.96,2100,1200,1300,2564,5400,2019-10-04,35676.662
09:54:36.663000,9.91,9.9,9.89,9.88,9.87,3,900,2600,2600,2700,9.92,9.93,9.94,9.95,9.96,3440,1200,1300,2564,5400,2019-10-04,35676.663
09:54:36.663000,9.9,9.89,9.88,9.87,9.86,900,2600,2600,2700,2104,9.92,9.93,9.94,9.95,9.96,3540,1200,1300,2564,5400,2019-10-04,35676.663
09:55:58.482000,9.9,9.89,9.88,9.87,9.86,300,1100,1600,3700,1804,9.91,9.92,9.93,9.94,9.95,1690,2200,1100,2200,3100,2019-10-04,35758.482
09:55:58.482000,9.9,9.89,9.88,9.87,9.86,200,1100,1600,3700,1804,9.91,9.92,9.93,9.94,9.95,1690,2200,1100,2200,3100,2019-10-04,35758.482
09:55:58.482000,9.9,9.89,9.88,9.87,9.86,100,1100,1600,3700,1804,9.91,9.92,9.93,9.94,9.95,1690,2200,1100,2200,3100,2019-10-04,35758.482
09:55:58.482000,9.89,9.88,9.87,9.86,9.85,1100,1600,3700,1804,900,9.91,9.92,9.93,9.94,9.95,1690,2200,1100,2200,3100,2019-10-04,35758.482
09:55:58.491000,9.89,9.88,9.87,9.86,9.85,700,1500,3700,1804,800,9.9,9.91,9.92,9.93,9.94,4331,1343,1300,2100,2200,2019-10-04,35758.491
09:55:58.491000,9.89,9.88,9.87,9.86,9.85,700,1500,3700,1804,800,9.9,9.91,9.92,9.93,9.94,4031,1343,1300,2100,2200,2019-10-04,35758.491
09:55:58.491000,9.89,9.88,9.87,9.86,9.85,700,1500,3700,1804,800,9.9,9.91,9.92,9.93,9.94,3731,1343,1300,2100,2200,2019-10-04,35758.491
09:55:58.491000,9.89,9.88,9.87,9.86,9.85,700,1500,3700,1804,800,9.9,9.91,9.92,9.93,9.94,3644,1343,1300,2100,2200,2019-10-04,35758.491
09:55:58.491000,9.89,9.88,9.87,9.86,9.85,700,1500,3700,1804,800,9.9,9.91,9.92,9.93,9.94,3544,1343,1300,2100,2200,2019-10-04,35758.491
09:55:58.491000,9.89,9.88,9.87,9.86,9.85,700,1500,3700,1804,800,9.9,9.91,9.92,9.93,9.94,2744,1343,1300,2100,2200,2019-10-04,35758.491
09:55:58.491000,9.89,9.88,9.87,9.86,9.85,700,1500,3700,1804,800,9.9,9.91,9.92,9.93,9.94,2644,1343,1300,2100,2200,2019-10-04,35758.491
09:55:58.491000,9.89,9.88,9.87,9.86,9.85,700,1500,3700,1804,800,9.9,9.91,9.92,9.93,9.94,2544,1343,1300,2100,2200,2019-10-04,35758.491
09:55:58.491000,9.89,9.88,9.87,9.86,9.85,700,1500,3700,1804,800,9.9,9.91,9.92,9.93,9.94,2144,1343,1300,2100,2200,2019-10-04,35758.491
09:55:58.491000,9.89,9.88,9.87,9.86,9.85,700,1500,3700,1804,800,9.9,9.91,9.92,9.93,9.94,1644,1343,1300,2100,2200,2019-10-04,35758.491
09:55:58.491000,9.89,9.88,9.87,9.86,9.85,700,1500,3700,1804,800,9.9,9.91,9.92,9.93,9.94,1344,1343,1300,2100,2200,2019-10-04,35758.491
09:55:58.491000,9.89,9.88,9.87,9.86,9.85,700,1500,3700,1804,800,9.9,9.91,9.92,9.93,9.94,790,1343,1300,2100,2200,2019-10-04,35758.491
09:55:58.491000,9.89,9.88,9.87,9.86,9.85,700,1500,3700,1804,800,9.9,9.91,9.92,9.93,9.94,490,1343,1300,2100,2200,2019-10-04,35758.491
09:55:58.491000,9.89,9.88,9.87,9.86,9.85,700,1500,3700,1804,800,9.91,9.92,9.93,9.94,9.95,1343,1300,2100,2200,3000,2019-10-04,35758.491
09:55:58.984000,9.9,9.89,9.88,9.87,9.86,5487,1300,1600,3700,1804,9.92,9.93,9.94,9.95,9.96,1100,2100,2200,3000,4800,2019-10-04,35758.984
09:56:04.658000,9.91,9.9,9.89,9.88,9.87,3722,4587,2300,2600,3700,9.93,9.94,9.95,9.96,9.97,900,1000,3000,5000,1100,2019-10-04,35764.658
09:56:43.431000,9.92,9.91,9.9,9.89,9.88,1600,1822,5187,3000,2600,9.93,9.94,9.95,9.96,9.97,775,1100,1500,5000,3000,2019-10-04,35803.431
09:56:44.301000,9.92,9.91,9.9,9.89,9.88,1600,1822,5187,3000,2600,9.93,9.94,9.95,9.96,9.97,300,1100,1500,5000,3000,2019-10-04,35804.301
09:56:44.301000,9.92,9.91,9.9,9.89,9.88,1600,1822,5187,3000,2600,9.93,9.94,9.95,9.96,9.97,200,1100,1500,5000,3000,2019-10-04,35804.301
09:56:44.301000,9.92,9.91,9.9,9.89,9.88,1600,1822,5187,3000,2600,9.94,9.95,9.96,9.97,9.98,1100,1500,5000,3000,1900,2019-10-04,35804.301
09:56:44.369000,9.92,9.91,9.9,9.89,9.88,2500,1822,5187,3000,2400,9.93,9.94,9.95,9.96,9.97,100,1100,1500,5000,3000,2019-10-04,35804.369
09:56:44.370000,9.92,9.91,9.9,9.89,9.88,2102,1822,5187,3000,2400,9.93,9.94,9.95,9.96,9.97,300,1100,1500,5000,3000,2019-10-04,35804.37
09:56:44.370000,9.92,9.91,9.9,9.89,9.88,1900,1822,5187,3000,2400,9.93,9.94,9.95,9.96,9.97,200,1100,1500,5000,3000,2019-10-04,35804.37
09:56:50.192000,9.93,9.92,9.91,9.9,9.89,1200,1200,2822,5187,3000,9.94,9.95,9.96,9.97,9.98,400,1400,3900,3000,2900,2019-10-04,35810.192
09:56:50.192000,9.93,9.92,9.91,9.9,9.89,700,1200,2822,5187,3000,9.94,9.95,9.96,9.97,9.98,400,1400,3900,3000,2900,2019-10-04,35810.192
09:56:50.192000,9.93,9.92,9.91,9.9,9.89,400,1200,2822,5187,3000,9.94,9.95,9.96,9.97,9.98,400,1400,3900,3000,2900,2019-10-04,35810.192
09:56:50.192000,9.93,9.92,9.91,9.9,9.89,100,1200,2822,5187,3000,9.94,9.95,9.96,9.97,9.98,400,1400,3900,3000,2900,2019-10-04,35810.192
09:56:50.192000,9.92,9.91,9.9,9.89,9.88,1200,2822,5187,3000,2400,9.94,9.95,9.96,9.97,9.98,400,1400,3900,3000,2900,2019-10-04,35810.192
09:57:41.909000,9.92,9.91,9.9,9.89,9.88,1700,1922,5187,3000,2400,9.93,9.94,9.95,9.96,9.97,1500,900,1400,4900,3000,2019-10-04,35861.909
09:57:41.909000,9.92,9.91,9.9,9.89,9.88,1700,1922,5187,3000,2400,9.94,9.95,9.96,9.97,9.98,900,1400,4900,3000,2800,2019-10-04,35861.909
09:57:41.909000,9.93,9.92,9.91,9.9,9.89,4493,1742,2922,5187,3000,9.94,9.95,9.96,9.97,9.98,700,1400,4900,3000,2800,2019-10-04,35861.909
09:57:41.909000,9.93,9.92,9.91,9.9,9.89,3493,1742,2922,5187,3000,9.94,9.95,9.96,9.97,9.98,700,1400,4900,3000,2800,2019-10-04,35861.909
09:57:41.909000,9.93,9.92,9.91,9.9,9.89,3400,1742,2922,5187,3000,9.94,9.95,9.96,9.97,9.98,700,1400,4900,3000,2800,2019-10-04,35861.909
09:57:41.909000,9.93,9.92,9.91,9.9,9.89,3300,1742,2922,5187,3000,9.94,9.95,9.96,9.97,9.98,700,1400,4900,3000,2800,2019-10-04,35861.909
09:57:41.909000,9.93,9.92,9.91,9.9,9.89,2600,1742,2922,5187,3000,9.94,9.95,9.96,9.97,9.98,700,1400,4900,3000,2800,2019-10-04,35861.909
09:57:41.909000,9.93,9.92,9.91,9.9,9.89,2500,1742,2922,5187,3000,9.94,9.95,9.96,9.97,9.98,700,1400,4900,3000,2800,2019-10-04,35861.909
09:57:41.909000,9.93,9.92,9.91,9.9,9.89,2400,1742,2922,5187,3000,9.94,9.95,9.96,9.97,9.98,700,1400,4900,3000,2800,2019-10-04,35861.909
09:57:41.909000,9.93,9.92,9.91,9.9,9.89,2100,1742,2922,5187,3000,9.94,9.95,9.96,9.97,9.98,700,1400,4900,3000,2800,2019-10-04,35861.909
09:57:41.909000,9.93,9.92,9.91,9.9,9.89,1200,1742,2922,5187,3000,9.94,9.95,9.96,9.97,9.98,700,1400,4900,3000,2800,2019-10-04,35861.909
09:57:41.909000,9.93,9.92,9.91,9.9,9.89,300,1742,2922,5187,3000,9.94,9.95,9.96,9.97,9.98,700,1400,4900,3000,2800,2019-10-04,35861.909
09:57:41.909000,9.93,9.92,9.91,9.9,9.89,100,1742,2922,5187,3000,9.94,9.95,9.96,9.97,9.98,700,1400,4900,3000,2800,2019-10-04,35861.909
09:57:41.909000,9.92,9.91,9.9,9.89,9.88,1742,2922,5187,3000,2400,9.94,9.95,9.96,9.97,9.98,700,1400,4900,3000,2800,2019-10-04,35861.909
09:57:41.910000,9.93,9.92,9.91,9.9,9.89,1220,1442,2822,5187,3000,9.94,9.95,9.96,9.97,9.98,2300,1400,4900,3000,2800,2019-10-04,35861.91
09:57:41.910000,9.93,9.92,9.91,9.9,9.89,1200,1943,2822,5187,3000,9.94,9.95,9.96,9.97,9.98,2300,1400,4900,3000,2800,2019-10-04,35861.91
09:57:41.910000,9.93,9.92,9.91,9.9,9.89,800,1943,2822,5187,3000,9.94,9.95,9.96,9.97,9.98,2300,1400,4900,3000,2800,2019-10-04,35861.91
09:57:41.910000,9.93,9.92,9.91,9.9,9.89,400,1943,2822,5187,3000,9.94,9.95,9.96,9.97,9.98,2300,1400,4900,3000,2800,2019-10-04,35861.91
09:57:41.910000,9.93,9.92,9.91,9.9,9.89,300,1943,2822,5187,3000,9.94,9.95,9.96,9.97,9.98,2300,1400,4900,3000,2800,2019-10-04,35861.91
09:57:41.910000,9.92,9.91,9.9,9.89,9.88,1943,2822,5187,3000,2400,9.94,9.95,9.96,9.97,9.98,2300,1400,4900,3000,2800,2019-10-04,35861.91
09:58:11.148000,9.92,9.91,9.9,9.89,9.88,2700,1822,5187,3000,2500,9.93,9.94,9.95,9.96,9.97,1500,1400,1400,4900,2900,2019-10-04,35891.148
09:58:11.148000,9.92,9.91,9.9,9.89,9.88,2700,1822,5187,3000,2500,9.94,9.95,9.96,9.97,9.98,1400,1400,4900,2900,2800,2019-10-04,35891.148
09:58:11.151000,9.92,9.91,9.9,9.89,9.88,4095,1822,5187,3000,2500,9.93,9.94,9.95,9.96,9.97,1566,1400,1400,4900,2900,2019-10-04,35891.151
09:58:11.151000,9.92,9.91,9.9,9.89,9.88,4095,1822,5187,3000,2500,9.93,9.94,9.95,9.96,9.97,1394,1400,1400,4900,2900,2019-10-04,35891.151
09:58:11.151000,9.92,9.91,9.9,9.89,9.88,4195,1822,5187,3000,2500,9.93,9.94,9.95,9.96,9.97,625,1400,1400,4900,2900,2019-10-04,35891.151
09:58:11.151000,9.92,9.91,9.9,9.89,9.88,4195,1822,5187,3000,2500,9.93,9.94,9.95,9.96,9.97,578,1400,1400,4900,2900,2019-10-04,35891.151
09:58:11.153000,9.92,9.91,9.9,9.89,9.88,3995,1822,5187,3000,2500,9.94,9.95,9.96,9.97,9.98,1400,1400,4900,2900,2800,2019-10-04,35891.153
09:58:11.157000,9.93,9.92,9.91,9.9,9.89,3800,3200,2922,5187,3000,9.94,9.95,9.96,9.97,9.98,1500,1400,5000,2900,2800,2019-10-04,35891.157
09:58:11.157000,9.93,9.92,9.91,9.9,9.89,2800,3200,2922,5187,3000,9.94,9.95,9.96,9.97,9.98,1500,1400,5000,2900,2800,2019-10-04,35891.157
09:58:11.157000,9.93,9.92,9.91,9.9,9.89,2700,3200,2922,5187,3000,9.94,9.95,9.96,9.97,9.98,1500,1400,5000,2900,2800,2019-10-04,35891.157
09:58:11.157000,9.93,9.92,9.91,9.9,9.89,1500,3200,2922,5187,3000,9.94,9.95,9.96,9.97,9.98,1500,1400,5000,2900,2800,2019-10-04,35891.157
09:58:11.157000,9.93,9.92,9.91,9.9,9.89,800,3200,2922,5187,3000,9.94,9.95,9.96,9.97,9.98,1500,1400,5000,2900,2800,2019-10-04,35891.157
09:58:11.157000,9.93,9.92,9.91,9.9,9.89,400,3200,2922,5187,3000,9.94,9.95,9.96,9.97,9.98,1500,1400,5000,2900,2800,2019-10-04,35891.157
09:58:11.157000,9.92,9.91,9.9,9.89,9.88,3200,2922,5187,3000,2500,9.94,9.95,9.96,9.97,9.98,1500,1400,5000,2900,2800,2019-10-04,35891.157
09:58:11.208000,9.92,9.91,9.9,9.89,9.88,5700,2488,5187,3000,2500,9.93,9.94,9.95,9.96,9.97,3695,700,1400,4900,3000,2019-10-04,35891.208
09:58:11.208000,9.92,9.91,9.9,9.89,9.88,5700,2488,5187,3000,2500,9.93,9.94,9.95,9.96,9.97,2200,700,1400,4900,3000,2019-10-04,35891.208
09:58:11.208000,9.92,9.91,9.9,9.89,9.88,5700,2488,5187,3000,2500,9.93,9.94,9.95,9.96,9.97,1500,700,1400,4900,3000,2019-10-04,35891.208
09:58:11.208000,9.92,9.91,9.9,9.89,9.88,5700,2488,5187,3000,2500,9.94,9.95,9.96,9.97,9.98,700,1400,4900,3000,2800,2019-10-04,35891.208
09:58:11.210000,9.93,9.92,9.91,9.9,9.89,1277,5000,2488,5187,3000,9.94,9.95,9.96,9.97,9.98,700,1400,4900,3000,2800,2019-10-04,35891.21
09:58:11.210000,9.93,9.92,9.91,9.9,9.89,1182,5000,2488,5187,3000,9.94,9.95,9.96,9.97,9.98,700,1400,4900,3000,2800,2019-10-04,35891.21
09:58:11.210000,9.93,9.92,9.91,9.9,9.89,1082,5000,2488,5187,3000,9.94,9.95,9.96,9.97,9.98,700,1400,4900,3000,2800,2019-10-04,35891.21
09:58:11.210000,9.93,9.92,9.91,9.9,9.89,400,5000,2488,5187,3000,9.94,9.95,9.96,9.97,9.98,700,1400,4900,3000,2800,2019-10-04,35891.21
09:58:11.210000,9.92,9.91,9.9,9.89,9.88,5000,2488,5187,3000,2500,9.94,9.95,9.96,9.97,9.98,700,1400,4900,3000,2800,2019-10-04,35891.21
10:00:41.633000,9.92,9.91,9.9,9.89,9.88,4500,1588,4287,3200,2400,9.94,9.95,9.96,9.97,9.98,1000,1500,3900,2500,2500,2019-10-04,36041.633
10:00:41.633000,9.92,9.91,9.9,9.89,9.88,4200,1588,4287,3200,2400,9.94,9.95,9.96,9.97,9.98,1000,1500,3900,2500,2500,2019-10-04,36041.633
10:03:16.470000,9.92,9.91,9.9,9.89,9.88,3700,1588,4587,3200,2400,9.93,9.94,9.95,9.96,9.97,200,1400,1500,5200,2500,2019-10-04,36196.47
10:03:16.472000,9.92,9.91,9.9,9.89,9.88,4600,1588,4587,3200,2400,9.93,9.94,9.95,9.96,9.97,100,1400,1500,5200,2500,2019-10-04,36196.472
10:03:16.515000,9.92,9.91,9.9,9.89,9.88,5300,1588,4587,3200,2400,9.93,9.94,9.95,9.96,9.97,200,1400,1500,5200,2500,2019-10-04,36196.515
10:03:16.515000,9.92,9.91,9.9,9.89,9.88,5300,1588,4587,3200,2400,9.94,9.95,9.96,9.97,9.98,1400,1500,5200,2500,2000,2019-10-04,36196.515
10:03:23.797000,9.93,9.92,9.91,9.9,9.89,3509,2900,1788,5787,3200,9.95,9.96,9.97,9.98,9.99,1500,4100,2600,2100,1800,2019-10-04,36203.797
10:03:23.798000,9.93,9.92,9.91,9.9,9.89,4709,2900,1788,5787,3200,9.94,9.95,9.96,9.97,9.98,188,1500,4100,2600,2100,2019-10-04,36203.798
10:03:23.798000,9.93,9.92,9.91,9.9,9.89,4709,2900,1788,5787,3200,9.94,9.95,9.96,9.97,9.98,100,1500,4100,2600,2100,2019-10-04,36203.798
10:03:23.798000,9.93,9.92,9.91,9.9,9.89,4709,2900,1788,5787,3200,9.94,9.95,9.96,9.97,9.98,64,1500,4100,2600,2100,2019-10-04,36203.798
10:03:23.798000,9.93,9.92,9.91,9.9,9.89,4709,2900,1788,5787,3200,9.95,9.96,9.97,9.98,9.99,1500,4100,2600,2100,1800,2019-10-04,36203.798
10:03:23.798000,9.93,9.92,9.91,9.9,9.89,4909,2900,1788,5787,3200,9.94,9.95,9.96,9.97,9.98,76,1500,4100,2600,2100,2019-10-04,36203.798
10:03:23.798000,9.93,9.92,9.91,9.9,9.89,4809,2900,1788,5787,3200,9.95,9.96,9.97,9.98,9.99,1500,4100,2600,2100,1800,2019-10-04,36203.798
10:03:23.798000,9.94,9.93,9.92,9.91,9.9,2900,4309,1900,2688,5787,9.95,9.96,9.97,9.98,9.99,1600,4100,2600,2100,1800,2019-10-04,36203.798
10:03:23.798000,9.94,9.93,9.92,9.91,9.9,2800,4309,1900,2688,5787,9.95,9.96,9.97,9.98,9.99,1600,4100,2600,2100,1800,2019-10-04,36203.798
10:03:23.798000,9.94,9.93,9.92,9.91,9.9,2600,4309,1900,2688,5787,9.95,9.96,9.97,9.98,9.99,3100,4100,2600,2100,1800,2019-10-04,36203.798
10:03:23.798000,9.94,9.93,9.92,9.91,9.9,2500,4309,1900,2688,5787,9.95,9.96,9.97,9.98,9.99,3100,4100,2600,2100,1800,2019-10-04,36203.798
10:03:23.798000,9.94,9.93,9.92,9.91,9.9,2400,4309,1900,2688,5787,9.95,9.96,9.97,9.98,9.99,3100,4100,2600,2100,1800,2019-10-04,36203.798
10:03:23.798000,9.94,9.93,9.92,9.91,9.9,2100,4309,1900,2688,5787,9.95,9.96,9.97,9.98,9.99,3100,4100,2600,2100,1800,2019-10-04,36203.798
10:03:23.798000,9.94,9.93,9.92,9.91,9.9,900,4309,1900,2688,5787,9.95,9.96,9.97,9.98,9.99,3100,4100,2600,2100,1800,2019-10-04,36203.798
10:03:23.798000,9.94,9.93,9.92,9.91,9.9,800,4309,1900,2688,5787,9.95,9.96,9.97,9.98,9.99,3100,4100,2600,2100,1800,2019-10-04,36203.798
10:03:23.798000,9.94,9.93,9.92,9.91,9.9,600,4309,1900,2688,5787,9.95,9.96,9.97,9.98,9.99,3100,4100,2600,2100,1800,2019-10-04,36203.798
10:03:23.798000,9.94,9.93,9.92,9.91,9.9,300,4309,1900,2688,5787,9.95,9.96,9.97,9.98,9.99,3100,4100,2600,2100,1800,2019-10-04,36203.798
10:03:23.798000,9.94,9.93,9.92,9.91,9.9,200,4309,1900,2688,5787,9.95,9.96,9.97,9.98,9.99,3100,4100,2600,2100,1800,2019-10-04,36203.798
10:03:23.798000,9.94,9.93,9.92,9.91,9.9,100,4309,1900,2688,5787,9.95,9.96,9.97,9.98,9.99,3100,4100,2600,2100,1800,2019-10-04,36203.798
10:03:23.798000,9.93,9.92,9.91,9.9,9.89,4309,1900,2688,5787,3200,9.95,9.96,9.97,9.98,9.99,3100,4100,2600,2100,1800,2019-10-04,36203.798
10:03:23.798000,9.93,9.92,9.91,9.9,9.89,4209,1900,2688,5787,3100,9.95,9.96,9.97,9.98,9.99,6399,4100,2600,2400,1800,2019-10-04,36203.798
10:03:23.798000,9.93,9.92,9.91,9.9,9.89,4209,1900,2688,5787,3100,9.95,9.96,9.97,9.98,9.99,6398,4100,2600,2400,1800,2019-10-04,36203.798
10:03:23.799000,9.93,9.92,9.91,9.9,9.89,4109,1900,2688,5787,3100,9.95,9.96,9.97,9.98,9.99,6638,4100,2600,2400,1800,2019-10-04,36203.799
10:05:09.933000,9.93,9.92,9.91,9.9,9.89,800,1400,2488,5887,2300,9.94,9.95,9.96,9.97,9.98,4814,2100,4000,2500,2300,2019-10-04,36309.933
10:05:09.933000,9.93,9.92,9.91,9.9,9.89,500,1400,2488,5887,2300,9.94,9.95,9.96,9.97,9.98,4814,2100,4000,2500,2300,2019-10-04,36309.933
10:05:09.933000,9.93,9.92,9.91,9.9,9.89,400,1400,2488,5887,2300,9.94,9.95,9.96,9.97,9.98,4814,2100,4000,2500,2300,2019-10-04,36309.933
10:05:09.933000,9.93,9.92,9.91,9.9,9.89,300,1400,2488,5887,2300,9.94,9.95,9.96,9.97,9.98,4814,2100,4000,2500,2300,2019-10-04,36309.933
10:05:09.933000,9.93,9.92,9.91,9.9,9.89,100,1400,2488,5887,2300,9.94,9.95,9.96,9.97,9.98,4814,2100,4000,2500,2300,2019-10-04,36309.933
10:05:09.933000,9.92,9.91,9.9,9.89,9.88,1400,2488,5887,2300,2300,9.94,9.95,9.96,9.97,9.98,4814,2100,4000,2500,2300,2019-10-04,36309.933
10:05:09.933000,9.92,9.91,9.9,9.89,9.88,1400,2488,5887,2300,2300,9.94,9.95,9.96,9.97,9.98,8114,2100,4000,2500,2300,2019-10-04,36309.933
10:05:09.935000,9.92,9.91,9.9,9.89,9.88,1301,2488,5887,2300,2300,9.93,9.94,9.95,9.96,9.97,5900,4173,1900,5000,2500,2019-10-04,36309.935
10:05:09.935000,9.92,9.91,9.9,9.89,9.88,1201,2488,5887,2300,2300,9.93,9.94,9.95,9.96,9.97,5900,4173,1900,5000,2500,2019-10-04,36309.935
10:05:09.935000,9.92,9.91,9.9,9.89,9.88,1101,2488,5887,2300,2300,9.93,9.94,9.95,9.96,9.97,5900,4173,1900,5000,2500,2019-10-04,36309.935
10:05:09.935000,9.92,9.91,9.9,9.89,9.88,801,2488,5887,2300,2300,9.93,9.94,9.95,9.96,9.97,5900,4173,1900,5000,2500,2019-10-04,36309.935
10:05:09.935000,9.92,9.91,9.9,9.89,9.88,601,2488,5887,2300,2300,9.93,9.94,9.95,9.96,9.97,5900,4173,1900,5000,2500,2019-10-04,36309.935
10:05:09.935000,9.92,9.91,9.9,9.89,9.88,401,2488,5887,2300,2300,9.93,9.94,9.95,9.96,9.97,5900,4173,1900,5000,2500,2019-10-04,36309.935
10:05:09.935000,9.92,9.91,9.9,9.89,9.88,301,2488,5887,2300,2300,9.93,9.94,9.95,9.96,9.97,5900,4173,1900,5000,2500,2019-10-04,36309.935
10:05:09.935000,9.92,9.91,9.9,9.89,9.88,101,2488,5887,2300,2300,9.93,9.94,9.95,9.96,9.97,5900,4173,1900,5000,2500,2019-10-04,36309.935
10:05:09.935000,9.92,9.91,9.9,9.89,9.88,100,2488,5887,2300,2300,9.93,9.94,9.95,9.96,9.97,5900,4173,1900,5000,2500,2019-10-04,36309.935
10:05:09.935000,9.91,9.9,9.89,9.88,9.87,2488,5887,2300,2300,3500,9.93,9.94,9.95,9.96,9.97,5900,4173,1900,5000,2500,2019-10-04,36309.935
10:05:09.936000,9.92,9.91,9.9,9.89,9.88,433,2488,5887,2300,2300,9.93,9.94,9.95,9.96,9.97,9950,3973,1900,5000,2500,2019-10-04,36309.936
10:05:09.936000,9.92,9.91,9.9,9.89,9.88,366,2488,5887,2300,2300,9.93,9.94,9.95,9.96,9.97,10050,3973,1900,5000,2500,2019-10-04,36309.936
10:05:09.936000,9.92,9.91,9.9,9.89,9.88,299,2488,5887,2300,2300,9.93,9.94,9.95,9.96,9.97,9950,3973,1900,5000,2500,2019-10-04,36309.936
10:05:09.936000,9.92,9.91,9.9,9.89,9.88,200,2488,5887,2300,2300,9.93,9.94,9.95,9.96,9.97,10250,3973,1900,5000,2500,2019-10-04,36309.936
10:05:09.936000,9.92,9.91,9.9,9.89,9.88,89,2488,5887,2300,2300,9.93,9.94,9.95,9.96,9.97,10250,3973,1900,5000,2500,2019-10-04,36309.936
10:05:10.060000,9.91,9.9,9.89,9.88,9.87,3608,5887,2300,2300,3000,9.92,9.93,9.94,9.95,9.96,4273,4150,1598,1800,5000,2019-10-04,36310.06
10:05:10.060000,9.91,9.9,9.89,9.88,9.87,3608,5887,2300,2300,3000,9.92,9.93,9.94,9.95,9.96,4173,4150,1598,1800,5000,2019-10-04,36310.06
10:05:10.060000,9.91,9.9,9.89,9.88,9.87,3608,5887,2300,2300,3000,9.92,9.93,9.94,9.95,9.96,2673,4150,1598,1800,5000,2019-10-04,36310.06
10:05:10.060000,9.91,9.9,9.89,9.88,9.87,3608,5887,2300,2300,3000,9.92,9.93,9.94,9.95,9.96,2573,4150,1598,1800,5000,2019-10-04,36310.06
10:05:10.060000,9.91,9.9,9.89,9.88,9.87,3608,5887,2300,2300,3000,9.92,9.93,9.94,9.95,9.96,2532,4150,1598,1800,5000,2019-10-04,36310.06
10:05:10.060000,9.91,9.9,9.89,9.88,9.87,3608,5887,2300,2300,3000,9.92,9.93,9.94,9.95,9.96,1332,4150,1598,1800,5000,2019-10-04,36310.06
10:05:10.060000,9.91,9.9,9.89,9.88,9.87,3608,5887,2300,2300,3000,9.92,9.93,9.94,9.95,9.96,400,4150,1598,1800,5000,2019-10-04,36310.06
10:05:10.060000,9.91,9.9,9.89,9.88,9.87,3608,5887,2300,2300,3000,9.92,9.93,9.94,9.95,9.96,300,4150,1598,1800,5000,2019-10-04,36310.06
10:05:10.060000,9.91,9.9,9.89,9.88,9.87,3608,5887,2300,2300,3000,9.93,9.94,9.95,9.96,9.97,4150,1598,1800,5000,2500,2019-10-04,36310.06
10:05:10.061000,9.92,9.91,9.9,9.89,9.88,11000,3808,5887,2300,2300,9.93,9.94,9.95,9.96,9.97,3450,1598,1800,5000,2500,2019-10-04,36310.061
10:05:13.091000,9.92,9.91,9.9,9.89,9.88,920,1688,5987,2700,2400,9.93,9.94,9.95,9.96,9.97,1350,1798,1700,4900,2400,2019-10-04,36313.091
10:05:13.091000,9.92,9.91,9.9,9.89,9.88,200,1688,5987,2700,2400,9.93,9.94,9.95,9.96,9.97,1350,1798,1700,4900,2400,2019-10-04,36313.091
10:05:13.091000,9.91,9.9,9.89,9.88,9.87,1688,5987,2700,2400,2800,9.93,9.94,9.95,9.96,9.97,1350,1798,1700,4900,2400,2019-10-04,36313.091
10:06:02.155000,9.91,9.9,9.89,9.88,9.87,2000,4187,2800,2700,1900,9.93,9.94,9.95,9.96,9.97,1300,1698,2800,5000,2200,2019-10-04,36362.155
10:06:29.211000,9.91,9.9,9.89,9.88,9.87,1800,5487,3000,2300,1800,9.93,9.94,9.95,9.96,9.97,2400,1798,1600,5300,2500,2019-10-04,36389.211
10:08:31.514000,9.91,9.9,9.89,9.88,9.87,600,4287,2400,2500,1900,9.92,9.93,9.94,9.95,9.96,1870,1500,1698,3100,5100,2019-10-04,36511.514
10:08:31.514000,9.91,9.9,9.89,9.88,9.87,300,4287,2400,2500,1900,9.92,9.93,9.94,9.95,9.96,1870,1500,1698,3100,5100,2019-10-04,36511.514
10:08:31.514000,9.91,9.9,9.89,9.88,9.87,200,4287,2400,2500,1900,9.92,9.93,9.94,9.95,9.96,1870,1500,1698,3100,5100,2019-10-04,36511.514
10:08:31.514000,9.91,9.9,9.89,9.88,9.87,100,4287,2400,2500,1900,9.92,9.93,9.94,9.95,9.96,1870,1500,1698,3100,5100,2019-10-04,36511.514
10:08:31.514000,9.9,9.89,9.88,9.87,9.86,4287,2400,2500,1900,2004,9.92,9.93,9.94,9.95,9.96,1870,1500,1698,3100,5100,2019-10-04,36511.514
10:08:47.840000,9.9,9.89,9.88,9.87,9.86,426,1300,2800,3200,904,9.91,9.92,9.93,9.94,9.95,3561,1800,1500,3098,3000,2019-10-04,36527.84
10:08:47.840000,9.9,9.89,9.88,9.87,9.86,300,1300,2800,3200,904,9.91,9.92,9.93,9.94,9.95,4061,1800,1500,3098,3000,2019-10-04,36527.84
10:08:47.840000,9.9,9.89,9.88,9.87,9.86,100,1300,2800,3200,904,9.91,9.92,9.93,9.94,9.95,4061,1800,1500,3098,3000,2019-10-04,36527.84
10:08:47.840000,9.9,9.89,9.88,9.87,9.86,74,1300,2800,3200,904,9.91,9.92,9.93,9.94,9.95,4061,1800,1500,3098,3000,2019-10-04,36527.84
10:08:47.840000,9.9,9.89,9.88,9.87,9.86,42,1300,2800,3200,904,9.91,9.92,9.93,9.94,9.95,6061,1800,1500,3098,3000,2019-10-04,36527.84
10:08:47.840000,9.89,9.88,9.87,9.86,9.85,1300,2800,3200,904,800,9.91,9.92,9.93,9.94,9.95,6361,1800,1500,3098,3000,2019-10-04,36527.84
10:09:25.264000,9.89,9.88,9.87,9.86,9.85,400,1400,2300,2004,1500,9.9,9.91,9.92,9.93,9.94,2761,3700,1700,2900,2500,2019-10-04,36565.264
10:09:25.264000,9.89,9.88,9.87,9.86,9.85,300,1400,2300,2004,1500,9.9,9.91,9.92,9.93,9.94,2761,3700,1700,2900,2500,2019-10-04,36565.264
10:09:25.264000,9.89,9.88,9.87,9.86,9.85,200,1400,2300,2004,1500,9.9,9.91,9.92,9.93,9.94,2761,3700,1700,2900,2500,2019-10-04,36565.264
10:09:25.264000,9.89,9.88,9.87,9.86,9.85,100,1400,2300,2004,1500,9.9,9.91,9.92,9.93,9.94,2761,3700,1700,2900,2500,2019-10-04,36565.264
10:09:25.264000,9.88,9.87,9.86,9.85,9.84,1400,2300,2004,1500,1000,9.9,9.91,9.92,9.93,9.94,2761,3700,1700,2900,2500,2019-10-04,36565.264
10:10:09.976000,9.88,9.87,9.86,9.85,9.84,700,800,1204,2900,1900,9.89,9.9,9.91,9.92,9.93,4365,2000,4200,3100,2600,2019-10-04,36609.976
10:10:09.976000,9.88,9.87,9.86,9.85,9.84,500,800,1204,2900,1900,9.89,9.9,9.91,9.92,9.93,4365,2000,4200,3100,2600,2019-10-04,36609.976
10:10:09.976000,9.88,9.87,9.86,9.85,9.84,200,800,1204,2900,1900,9.89,9.9,9.91,9.92,9.93,4365,2000,4200,3100,2600,2019-10-04,36609.976
10:10:09.976000,9.88,9.87,9.86,9.85,9.84,100,800,1204,2900,1900,9.89,9.9,9.91,9.92,9.93,4365,2000,4200,3100,2600,2019-10-04,36609.976
10:10:09.976000,9.87,9.86,9.85,9.84,9.83,800,1204,2900,1900,800,9.89,9.9,9.91,9.92,9.93,4365,2000,4200,3100,2600,2019-10-04,36609.976
10:10:27.891000,9.87,9.86,9.85,9.84,9.83,100,1204,2400,2100,2600,9.88,9.89,9.9,9.91,9.92,5536,2400,1800,4400,3200,2019-10-04,36627.891
10:10:27.891000,9.86,9.85,9.84,9.83,9.82,1204,2400,2100,2600,700,9.88,9.89,9.9,9.91,9.92,5536,2400,1800,4400,3200,2019-10-04,36627.891
10:10:27.894000,9.86,9.85,9.84,9.83,9.82,1604,2400,2100,2600,700,9.87,9.88,9.89,9.9,9.91,2600,5536,1400,2800,4400,2019-10-04,36627.894
10:10:27.894000,9.86,9.85,9.84,9.83,9.82,1600,2400,2100,2600,700,9.87,9.88,9.89,9.9,9.91,2600,5536,1400,2800,4400,2019-10-04,36627.894
10:10:27.894000,9.86,9.85,9.84,9.83,9.82,1500,2400,2100,2600,700,9.87,9.88,9.89,9.9,9.91,2600,5536,1400,2800,4400,2019-10-04,36627.894
10:10:27.894000,9.86,9.85,9.84,9.83,9.82,1400,2400,2100,2600,700,9.87,9.88,9.89,9.9,9.91,2600,5536,1400,2800,4400,2019-10-04,36627.894
10:10:27.894000,9.86,9.85,9.84,9.83,9.82,1200,2400,2100,2600,700,9.87,9.88,9.89,9.9,9.91,2600,5536,1400,2800,4400,2019-10-04,36627.894
10:10:27.894000,9.86,9.85,9.84,9.83,9.82,1000,2400,2100,2600,700,9.87,9.88,9.89,9.9,9.91,2600,5536,1400,2800,4400,2019-10-04,36627.894
10:10:27.894000,9.86,9.85,9.84,9.83,9.82,900,2400,2100,2600,700,9.87,9.88,9.89,9.9,9.91,2600,5536,1400,2800,4400,2019-10-04,36627.894
10:10:27.894000,9.86,9.85,9.84,9.83,9.82,700,2400,2100,2600,700,9.87,9.88,9.89,9.9,9.91,2600,5536,1400,2800,4400,2019-10-04,36627.894
10:10:27.894000,9.86,9.85,9.84,9.83,9.82,600,2400,2100,2600,700,9.87,9.88,9.89,9.9,9.91,2600,5536,1400,2800,4400,2019-10-04,36627.894
10:10:27.894000,9.86,9.85,9.84,9.83,9.82,500,2400,2100,2600,700,9.87,9.88,9.89,9.9,9.91,2600,5536,1400,2800,4400,2019-10-04,36627.894
10:10:27.894000,9.85,9.84,9.83,9.82,9.81,2400,2100,2600,700,1200,9.87,9.88,9.89,9.9,9.91,2600,5536,1400,2800,4400,2019-10-04,36627.894
10:10:27.902000,9.85,9.84,9.83,9.82,9.81,3300,2100,1800,700,2000,9.86,9.87,9.88,9.89,9.9,700,2420,3416,1400,2800,2019-10-04,36627.902
10:10:30.358000,9.85,9.84,9.83,9.82,9.81,2700,1200,2000,1800,1400,9.86,9.87,9.88,9.89,9.9,700,2000,2000,2200,2700,2019-10-04,36630.358
10:10:30.358000,9.85,9.84,9.83,9.82,9.81,2700,1200,2000,1800,1400,9.86,9.87,9.88,9.89,9.9,400,2000,2000,2200,2700,2019-10-04,36630.358
10:10:30.358000,9.85,9.84,9.83,9.82,9.81,2700,1200,2000,1800,1400,9.86,9.87,9.88,9.89,9.9,200,2000,2000,2200,2700,2019-10-04,36630.358
10:10:30.358000,9.85,9.84,9.83,9.82,9.81,2700,1200,2000,1800,1400,9.87,9.88,9.89,9.9,9.91,2000,2000,2200,2700,4200,2019-10-04,36630.358
10:10:48.124000,9.86,9.85,9.84,9.83,9.82,3600,2400,2500,2200,1900,9.88,9.89,9.9,9.91,9.92,1600,1100,1800,4300,2948,2019-10-04,36648.124
10:10:48.124000,9.86,9.85,9.84,9.83,9.82,3409,2400,2500,2200,1900,9.88,9.89,9.9,9.91,9.92,1600,1100,1800,4300,2948,2019-10-04,36648.124
10:11:07.642000,9.86,9.85,9.84,9.83,9.82,200,2400,2200,2200,1800,9.87,9.88,9.89,9.9,9.91,1720,1800,2300,3200,4100,2019-10-04,36667.642
10:11:07.642000,9.86,9.85,9.84,9.83,9.82,100,2400,2200,2200,1800,9.87,9.88,9.89,9.9,9.91,1720,1800,2300,3200,4100,2019-10-04,36667.642
10:11:07.642000,9.85,9.84,9.83,9.82,9.81,2400,2200,2200,1800,1400,9.87,9.88,9.89,9.9,9.91,1720,1800,2300,3200,4100,2019-10-04,36667.642
10:11:07.675000,9.85,9.84,9.83,9.82,9.81,2800,2200,2200,1800,1400,9.87,9.88,9.89,9.9,9.91,3261,2000,2300,3200,4100,2019-10-04,36667.675
10:13:49.264000,9.86,9.85,9.84,9.83,9.82,1900,1901,2300,1900,2200,9.87,9.88,9.89,9.9,9.91,1400,1900,2800,2700,4000,2019-10-04,36829.264
10:13:49.264000,9.86,9.85,9.84,9.83,9.82,1800,1901,2300,1900,2200,9.87,9.88,9.89,9.9,9.91,1400,1900,2800,2700,4000,2019-10-04,36829.264
10:13:49.264000,9.86,9.85,9.84,9.83,9.82,1700,1901,2300,1900,2200,9.87,9.88,9.89,9.9,9.91,1400,1900,2800,2700,4000,2019-10-04,36829.264
10:13:49.264000,9.86,9.85,9.84,9.83,9.82,1600,1901,2300,1900,2200,9.87,9.88,9.89,9.9,9.91,1400,1900,2800,2700,4000,2019-10-04,36829.264
10:13:49.264000,9.86,9.85,9.84,9.83,9.82,400,1901,2300,1900,2200,9.87,9.88,9.89,9.9,9.91,1400,1900,2800,2700,4000,2019-10-04,36829.264
10:13:49.264000,9.86,9.85,9.84,9.83,9.82,300,1901,2300,1900,2200,9.87,9.88,9.89,9.9,9.91,1400,1900,2800,2700,4000,2019-10-04,36829.264
10:13:49.264000,9.86,9.85,9.84,9.83,9.82,200,1901,2300,1900,2200,9.87,9.88,9.89,9.9,9.91,1400,1900,2800,2700,4000,2019-10-04,36829.264
10:13:49.264000,9.86,9.85,9.84,9.83,9.82,100,1901,2300,1900,2200,9.87,9.88,9.89,9.9,9.91,1400,1900,2800,2700,4000,2019-10-04,36829.264
10:13:49.264000,9.85,9.84,9.83,9.82,9.81,1901,2300,1900,2200,2400,9.87,9.88,9.89,9.9,9.91,1400,1900,2800,2700,4000,2019-10-04,36829.264
10:15:10.302000,9.85,9.84,9.83,9.82,9.81,901,1000,1700,2000,2300,9.86,9.87,9.88,9.89,9.9,2500,1800,2900,2900,2700,2019-10-04,36910.302
10:15:10.302000,9.85,9.84,9.83,9.82,9.81,801,1000,1700,2000,2300,9.86,9.87,9.88,9.89,9.9,2500,1800,2900,2900,2700,2019-10-04,36910.302
10:15:10.302000,9.85,9.84,9.83,9.82,9.81,601,1000,1700,2000,2300,9.86,9.87,9.88,9.89,9.9,2500,1800,2900,2900,2700,2019-10-04,36910.302
10:15:10.302000,9.85,9.84,9.83,9.82,9.81,501,1000,1700,2000,2300,9.86,9.87,9.88,9.89,9.9,2500,1800,2900,2900,2700,2019-10-04,36910.302
10:15:10.302000,9.85,9.84,9.83,9.82,9.81,401,1000,1700,2000,2300,9.86,9.87,9.88,9.89,9.9,2500,1800,2900,2900,2700,2019-10-04,36910.302
10:15:10.302000,9.85,9.84,9.83,9.82,9.81,301,1000,1700,2000,2300,9.86,9.87,9.88,9.89,9.9,2500,1800,2900,2900,2700,2019-10-04,36910.302
10:15:10.302000,9.85,9.84,9.83,9.82,9.81,300,1000,1700,2000,2300,9.86,9.87,9.88,9.89,9.9,2500,1800,2900,2900,2700,2019-10-04,36910.302
10:15:10.302000,9.85,9.84,9.83,9.82,9.81,200,1000,1700,2000,2300,9.86,9.87,9.88,9.89,9.9,2500,1800,2900,2900,2700,2019-10-04,36910.302
10:15:10.302000,9.85,9.84,9.83,9.82,9.81,100,1000,1700,2000,2300,9.86,9.87,9.88,9.89,9.9,2500,1800,2900,2900,2700,2019-10-04,36910.302
10:15:10.302000,9.84,9.83,9.82,9.81,9.8,1000,1700,2000,2300,500,9.86,9.87,9.88,9.89,9.9,2500,1800,2900,2900,2700,2019-10-04,36910.302
10:15:10.304000,9.84,9.83,9.82,9.81,9.8,900,1700,2000,2300,500,9.85,9.86,9.87,9.88,9.89,3300,2887,2800,2900,2900,2019-10-04,36910.304
10:15:24.850000,9.84,9.83,9.82,9.81,9.8,1400,900,2300,2600,500,9.86,9.87,9.88,9.89,9.9,2541,2700,3100,3000,2700,2019-10-04,36924.85
10:15:24.850000,9.84,9.83,9.82,9.81,9.8,2800,900,2300,2600,500,9.85,9.86,9.87,9.88,9.89,2600,2300,2700,3100,3000,2019-10-04,36924.85
10:15:24.850000,9.84,9.83,9.82,9.81,9.8,2500,900,2300,2600,500,9.85,9.86,9.87,9.88,9.89,2600,2300,2700,3100,3000,2019-10-04,36924.85
10:15:24.856000,9.84,9.83,9.82,9.81,9.8,1600,900,2300,2600,500,9.85,9.86,9.87,9.88,9.89,2600,2300,2700,3100,3000,2019-10-04,36924.856
10:15:31.032000,9.84,9.83,9.82,9.81,9.8,280,900,2100,2500,500,9.85,9.86,9.87,9.88,9.89,3541,2600,2700,3100,2600,2019-10-04,36931.032
10:16:51.898000,9.84,9.83,9.82,9.81,9.8,301,1100,1900,2400,400,9.85,9.86,9.87,9.88,9.89,3541,2500,2700,3000,2300,2019-10-04,37011.898
10:16:51.898000,9.84,9.83,9.82,9.81,9.8,201,1100,1900,2400,400,9.85,9.86,9.87,9.88,9.89,3541,2500,2700,3000,2300,2019-10-04,37011.898
10:16:51.898000,9.84,9.83,9.82,9.81,9.8,200,1100,1900,2400,400,9.85,9.86,9.87,9.88,9.89,3541,2500,2700,3000,2300,2019-10-04,37011.898
10:16:51.898000,9.84,9.83,9.82,9.81,9.8,100,1100,1900,2400,400,9.85,9.86,9.87,9.88,9.89,3541,2500,2700,3000,2300,2019-10-04,37011.898
10:16:51.898000,9.83,9.82,9.81,9.8,9.79,1100,1900,2400,400,600,9.85,9.86,9.87,9.88,9.89,3541,2500,2700,3000,2300,2019-10-04,37011.898
10:18:19.457000,9.83,9.82,9.81,9.8,9.79,1100,1400,600,1600,2700,9.84,9.85,9.86,9.87,9.88,4841,2100,3000,2800,2900,2019-10-04,37099.457
10:18:19.457000,9.83,9.82,9.81,9.8,9.79,800,1400,600,1600,2700,9.84,9.85,9.86,9.87,9.88,4841,2100,3000,2800,2900,2019-10-04,37099.457
10:18:19.457000,9.83,9.82,9.81,9.8,9.79,700,1400,600,1600,2700,9.84,9.85,9.86,9.87,9.88,4841,2100,3000,2800,2900,2019-10-04,37099.457
10:18:19.457000,9.83,9.82,9.81,9.8,9.79,500,1400,600,1600,2700,9.84,9.85,9.86,9.87,9.88,4841,2100,3000,2800,2900,2019-10-04,37099.457
10:18:19.457000,9.83,9.82,9.81,9.8,9.79,400,1400,600,1600,2700,9.84,9.85,9.86,9.87,9.88,4841,2100,3000,2800,2900,2019-10-04,37099.457
10:18:19.457000,9.83,9.82,9.81,9.8,9.79,200,1400,600,1600,2700,9.84,9.85,9.86,9.87,9.88,4841,2100,3000,2800,2900,2019-10-04,37099.457
10:18:19.457000,9.82,9.81,9.8,9.79,9.78,1400,600,1600,2700,500,9.84,9.85,9.86,9.87,9.88,4841,2100,3000,2800,2900,2019-10-04,37099.457
10:18:21.897000,9.82,9.81,9.8,9.79,9.78,4900,600,1100,2900,1500,9.83,9.84,9.85,9.86,9.87,3389,2200,2300,3000,2800,2019-10-04,37101.897
10:18:21.897000,9.82,9.81,9.8,9.79,9.78,5800,600,1100,2900,1500,9.83,9.84,9.85,9.86,9.87,2885,2200,2300,3000,2800,2019-10-04,37101.897
10:18:21.897000,9.82,9.81,9.8,9.79,9.78,5800,600,1100,2900,1500,9.83,9.84,9.85,9.86,9.87,2785,2200,2300,3000,2800,2019-10-04,37101.897
10:18:21.897000,9.82,9.81,9.8,9.79,9.78,5800,600,1100,2900,1500,9.83,9.84,9.85,9.86,9.87,2585,2200,2300,3000,2800,2019-10-04,37101.897
10:18:21.897000,9.82,9.81,9.8,9.79,9.78,5800,600,1100,2900,1500,9.83,9.84,9.85,9.86,9.87,1985,2200,2300,3000,2800,2019-10-04,37101.897
10:18:21.897000,9.82,9.81,9.8,9.79,9.78,5800,600,1100,2900,1500,9.83,9.84,9.85,9.86,9.87,585,2200,2300,3000,2800,2019-10-04,37101.897
10:18:21.897000,9.82,9.81,9.8,9.79,9.78,5800,600,1100,2900,1500,9.83,9.84,9.85,9.86,9.87,300,2200,2300,3000,2800,2019-10-04,37101.897
10:18:21.897000,9.82,9.81,9.8,9.79,9.78,5800,600,1100,2900,1500,9.84,9.85,9.86,9.87,9.88,2200,2300,3000,2800,2900,2019-10-04,37101.897
10:18:21.898000,9.83,9.82,9.81,9.8,9.79,7900,3500,600,2100,2900,9.84,9.85,9.86,9.87,9.88,5100,2300,3000,2800,2900,2019-10-04,37101.898
10:18:21.898000,9.83,9.82,9.81,9.8,9.79,7096,3500,600,2100,2900,9.84,9.85,9.86,9.87,9.88,5100,2300,3000,2800,2900,2019-10-04,37101.898
10:18:21.898000,9.83,9.82,9.81,9.8,9.79,4800,3500,600,2100,2900,9.84,9.85,9.86,9.87,9.88,14300,2300,3000,2800,2900,2019-10-04,37101.898
10:18:21.898000,9.83,9.82,9.81,9.8,9.79,4790,3500,600,2100,2900,9.84,9.85,9.86,9.87,9.88,14300,2300,3000,2800,2900,2019-10-04,37101.898
10:18:21.898000,9.83,9.82,9.81,9.8,9.79,4463,3500,600,2100,2900,9.84,9.85,9.86,9.87,9.88,9700,2300,3000,2800,2900,2019-10-04,37101.898
10:18:21.901000,9.83,9.82,9.81,9.8,9.79,2700,3600,700,2100,2900,9.84,9.85,9.86,9.87,9.88,5300,2400,3000,2800,2900,2019-10-04,37101.901
10:18:21.901000,9.83,9.82,9.81,9.8,9.79,2600,3600,700,2100,2900,9.84,9.85,9.86,9.87,9.88,5300,2400,3000,2800,2900,2019-10-04,37101.901
10:18:21.901000,9.83,9.82,9.81,9.8,9.79,1000,3600,700,2100,2900,9.84,9.85,9.86,9.87,9.88,5300,2400,3000,2800,2900,2019-10-04,37101.901
10:18:21.901000,9.83,9.82,9.81,9.8,9.79,900,3600,700,2100,2900,9.84,9.85,9.86,9.87,9.88,5300,2400,3000,2800,2900,2019-10-04,37101.901
10:18:21.901000,9.83,9.82,9.81,9.8,9.79,800,3600,700,2100,2900,9.84,9.85,9.86,9.87,9.88,5300,2400,3000,2800,2900,2019-10-04,37101.901
10:18:21.901000,9.83,9.82,9.81,9.8,9.79,400,3600,700,2100,2900,9.84,9.85,9.86,9.87,9.88,5300,2400,3000,2800,2900,2019-10-04,37101.901
10:18:21.901000,9.82,9.81,9.8,9.79,9.78,3600,700,2100,2900,1500,9.84,9.85,9.86,9.87,9.88,5300,2400,3000,2800,2900,2019-10-04,37101.901
10:18:56.294000,9.82,9.81,9.8,9.79,9.78,1301,1000,1100,2900,1500,9.83,9.84,9.85,9.86,9.87,6220,2700,2400,3300,2800,2019-10-04,37136.294
10:18:56.294000,9.82,9.81,9.8,9.79,9.78,1101,1000,1100,2900,1500,9.83,9.84,9.85,9.86,9.87,6220,2700,2400,3300,2800,2019-10-04,37136.294
10:18:56.294000,9.82,9.81,9.8,9.79,9.78,901,1000,1100,2900,1500,9.83,9.84,9.85,9.86,9.87,6220,2700,2400,3300,2800,2019-10-04,37136.294
10:18:56.294000,9.82,9.81,9.8,9.79,9.78,801,1000,1100,2900,1500,9.83,9.84,9.85,9.86,9.87,6220,2700,2400,3300,2800,2019-10-04,37136.294
10:18:56.294000,9.82,9.81,9.8,9.79,9.78,501,1000,1100,2900,1500,9.83,9.84,9.85,9.86,9.87,6220,2700,2400,3300,2800,2019-10-04,37136.294
10:18:56.294000,9.82,9.81,9.8,9.79,9.78,401,1000,1100,2900,1500,9.83,9.84,9.85,9.86,9.87,6220,2700,2400,3300,2800,2019-10-04,37136.294
10:18:56.294000,9.82,9.81,9.8,9.79,9.78,201,1000,1100,2900,1500,9.83,9.84,9.85,9.86,9.87,6220,2700,2400,3300,2800,2019-10-04,37136.294
10:18:56.294000,9.82,9.81,9.8,9.79,9.78,1,1000,1100,2900,1500,9.83,9.84,9.85,9.86,9.87,6220,2700,2400,3300,2800,2019-10-04,37136.294
10:18:56.294000,9.81,9.8,9.79,9.78,9.77,1000,1100,2900,1500,500,9.83,9.84,9.85,9.86,9.87,6220,2700,2400,3300,2800,2019-10-04,37136.294
10:19:57.971000,9.81,9.8,9.79,9.78,9.77,2040,1800,2400,1700,2300,9.82,9.83,9.84,9.85,9.86,5204,2100,2800,2800,3000,2019-10-04,37197.971
10:20:59.827000,9.81,9.8,9.79,9.78,9.77,3631,2000,2600,1800,2400,9.82,9.83,9.84,9.85,9.86,4320,2100,2800,2800,3000,2019-10-04,37259.827
10:20:59.827000,9.81,9.8,9.79,9.78,9.77,3631,2000,2600,1800,2400,9.82,9.83,9.84,9.85,9.86,3720,2100,2800,2800,3000,2019-10-04,37259.827
10:20:59.827000,9.81,9.8,9.79,9.78,9.77,3631,2000,2600,1800,2400,9.82,9.83,9.84,9.85,9.86,3456,2100,2800,2800,3000,2019-10-04,37259.827
10:20:59.827000,9.81,9.8,9.79,9.78,9.77,5831,2000,2600,1800,2400,9.82,9.83,9.84,9.85,9.86,1820,2100,2800,2800,3000,2019-10-04,37259.827
10:20:59.827000,9.81,9.8,9.79,9.78,9.77,5831,2000,2600,1800,2400,9.82,9.83,9.84,9.85,9.86,220,2100,2800,2800,3000,2019-10-04,37259.827
10:20:59.827000,9.81,9.8,9.79,9.78,9.77,5831,2000,2600,1800,2400,9.83,9.84,9.85,9.86,9.87,2100,2800,2800,3000,2700,2019-10-04,37259.827
10:20:59.827000,9.81,9.8,9.79,9.78,9.77,8531,2000,2600,1800,2400,9.83,9.84,9.85,9.86,9.87,2100,2800,2800,3000,2700,2019-10-04,37259.827
10:22:20.175000,9.82,9.81,9.8,9.79,9.78,2201,3800,2800,2300,1500,9.83,9.84,9.85,9.86,9.87,1100,1800,2300,3700,2800,2019-10-04,37340.175
10:22:20.175000,9.82,9.81,9.8,9.79,9.78,2201,3800,2800,2300,1500,9.83,9.84,9.85,9.86,9.87,800,1800,2300,3700,2800,2019-10-04,37340.175
10:22:20.175000,9.82,9.81,9.8,9.79,9.78,2201,3800,2800,2300,1500,9.83,9.84,9.85,9.86,9.87,700,1800,2300,3700,2800,2019-10-04,37340.175
10:22:20.175000,9.82,9.81,9.8,9.79,9.78,2201,3800,2800,2300,1500,9.83,9.84,9.85,9.86,9.87,500,1800,2300,3700,2800,2019-10-04,37340.175
10:22:20.175000,9.82,9.81,9.8,9.79,9.78,2601,3800,2800,2300,1500,9.83,9.84,9.85,9.86,9.87,300,1800,2300,3700,2800,2019-10-04,37340.175
10:22:20.175000,9.82,9.81,9.8,9.79,9.78,2601,3800,2800,2300,1500,9.84,9.85,9.86,9.87,9.88,1800,2300,3700,2800,1800,2019-10-04,37340.175
10:22:22.480000,9.83,9.82,9.81,9.8,9.79,4218,2400,3600,2900,2400,9.84,9.85,9.86,9.87,9.88,100,1100,3600,2800,1800,2019-10-04,37342.48
10:22:22.480000,9.83,9.82,9.81,9.8,9.79,4218,2400,3600,2900,2400,9.85,9.86,9.87,9.88,9.89,1100,3600,2800,1800,1400,2019-10-04,37342.48
10:22:49.778000,9.84,9.83,9.82,9.81,9.8,1601,5434,2000,3200,3100,9.85,9.86,9.87,9.88,9.89,800,1800,2800,3500,1500,2019-10-04,37369.778
10:22:49.778000,9.84,9.83,9.82,9.81,9.8,1601,5434,2000,3200,3100,9.85,9.86,9.87,9.88,9.89,600,1800,2800,3500,1500,2019-10-04,37369.778
10:22:49.778000,9.84,9.83,9.82,9.81,9.8,1601,5434,2000,3200,3100,9.85,9.86,9.87,9.88,9.89,100,1800,2800,3500,1500,2019-10-04,37369.778
10:22:49.778000,9.84,9.83,9.82,9.81,9.8,1601,5434,2000,3200,3100,9.86,9.87,9.88,9.89,9.9,1800,2800,3500,1500,1800,2019-10-04,37369.778
10:22:53.258000,9.85,9.84,9.83,9.82,9.81,1206,2100,5934,3100,3200,9.86,9.87,9.88,9.89,9.9,1800,1600,3400,2800,1900,2019-10-04,37373.258
10:22:53.258000,9.85,9.84,9.83,9.82,9.81,1206,2100,5934,3100,3200,9.86,9.87,9.88,9.89,9.9,1200,1600,3400,2800,1900,2019-10-04,37373.258
10:22:53.258000,9.85,9.84,9.83,9.82,9.81,1206,2100,5934,3100,3200,9.86,9.87,9.88,9.89,9.9,700,1600,3400,2800,1900,2019-10-04,37373.258
10:22:53.258000,9.85,9.84,9.83,9.82,9.81,1206,2100,5934,3100,3200,9.86,9.87,9.88,9.89,9.9,500,1600,3400,2800,1900,2019-10-04,37373.258
10:22:53.258000,9.85,9.84,9.83,9.82,9.81,1206,2100,5934,3100,3200,9.86,9.87,9.88,9.89,9.9,100,1600,3400,2800,1900,2019-10-04,37373.258
10:22:53.258000,9.85,9.84,9.83,9.82,9.81,1206,2100,5934,3100,3200,9.87,9.88,9.89,9.9,9.91,1600,3400,2800,1900,4000,2019-10-04,37373.258
10:22:53.259000,9.85,9.84,9.83,9.82,9.81,2856,2400,5934,3100,3200,9.87,9.88,9.89,9.9,9.91,1500,3400,2800,1900,4000,2019-10-04,37373.259
10:22:53.259000,9.85,9.84,9.83,9.82,9.81,3056,2400,5934,3100,3200,9.86,9.87,9.88,9.89,9.9,800,1500,3400,2800,1900,2019-10-04,37373.259
10:22:53.259000,9.85,9.84,9.83,9.82,9.81,3156,2400,5934,3100,3200,9.86,9.87,9.88,9.89,9.9,329,1500,3400,2800,1900,2019-10-04,37373.259
10:22:53.259000,9.85,9.84,9.83,9.82,9.81,3656,2400,5934,3100,3200,9.86,9.87,9.88,9.89,9.9,200,1500,3400,2800,1900,2019-10-04,37373.259
10:22:53.259000,9.85,9.84,9.83,9.82,9.81,3656,2400,5934,3100,3200,9.86,9.87,9.88,9.89,9.9,100,1500,3400,2800,1900,2019-10-04,37373.259
10:22:53.259000,9.85,9.84,9.83,9.82,9.81,3606,2400,5934,3100,3200,9.87,9.88,9.89,9.9,9.91,1500,3400,2800,1900,4000,2019-10-04,37373.259
10:22:53.259000,9.85,9.84,9.83,9.82,9.81,3706,2400,5934,3100,3200,9.86,9.87,9.88,9.89,9.9,99,1400,3400,2800,1900,2019-10-04,37373.259
10:22:53.259000,9.85,9.84,9.83,9.82,9.81,3706,2400,5934,3100,3200,9.87,9.88,9.89,9.9,9.91,1400,3400,2800,1900,4000,2019-10-04,37373.259
10:22:53.259000,9.85,9.84,9.83,9.82,9.81,3606,2400,5934,3100,3200,9.86,9.87,9.88,9.89,9.9,100,1400,3400,2800,1900,2019-10-04,37373.259
10:22:53.260000,9.85,9.84,9.83,9.82,9.81,3706,2400,5934,3100,3200,9.86,9.87,9.88,9.89,9.9,99,1400,3400,2800,1900,2019-10-04,37373.26
10:22:53.260000,9.85,9.84,9.83,9.82,9.81,3706,2400,5934,3100,3200,9.86,9.87,9.88,9.89,9.9,4,1400,3400,2800,1900,2019-10-04,37373.26
10:22:53.260000,9.85,9.84,9.83,9.82,9.81,3706,2400,5934,3100,3200,9.86,9.87,9.88,9.89,9.9,1,1400,3400,2800,1900,2019-10-04,37373.26
10:22:53.260000,9.85,9.84,9.83,9.82,9.81,3706,2400,5934,3100,3200,9.87,9.88,9.89,9.9,9.91,1400,3400,2800,1900,4000,2019-10-04,37373.26
10:22:57.459000,9.87,9.86,9.85,9.84,9.83,801,1800,2000,2900,5934,9.88,9.89,9.9,9.91,9.92,3100,1700,3200,4300,2348,2019-10-04,37377.459
10:22:57.459000,9.87,9.86,9.85,9.84,9.83,801,1800,2000,2900,5934,9.88,9.89,9.9,9.91,9.92,2600,1700,3200,4300,2348,2019-10-04,37377.459
10:22:57.459000,9.87,9.86,9.85,9.84,9.83,801,1800,2000,2900,5934,9.88,9.89,9.9,9.91,9.92,2400,1700,3200,4300,2348,2019-10-04,37377.459
10:22:57.459000,9.87,9.86,9.85,9.84,9.83,801,1800,2000,2900,5934,9.88,9.89,9.9,9.91,9.92,2300,1700,3200,4300,2348,2019-10-04,37377.459
10:22:57.459000,9.87,9.86,9.85,9.84,9.83,801,1800,2000,2900,5934,9.88,9.89,9.9,9.91,9.92,2100,1700,3200,4300,2348,2019-10-04,37377.459
10:22:57.459000,9.87,9.86,9.85,9.84,9.83,801,1800,2000,2900,5934,9.88,9.89,9.9,9.91,9.92,1900,1700,3200,4300,2348,2019-10-04,37377.459
10:22:57.459000,9.87,9.86,9.85,9.84,9.83,801,1800,2000,2900,5934,9.88,9.89,9.9,9.91,9.92,1700,1700,3200,4300,2348,2019-10-04,37377.459
10:22:57.459000,9.87,9.86,9.85,9.84,9.83,801,1800,2000,2900,5934,9.88,9.89,9.9,9.91,9.92,900,1700,3200,4300,2348,2019-10-04,37377.459
10:22:57.459000,9.87,9.86,9.85,9.84,9.83,801,1800,2000,2900,5934,9.88,9.89,9.9,9.91,9.92,400,1700,3200,4300,2348,2019-10-04,37377.459
10:22:57.459000,9.87,9.86,9.85,9.84,9.83,801,1800,2000,2900,5934,9.88,9.89,9.9,9.91,9.92,100,1700,3200,4300,2348,2019-10-04,37377.459
10:23:10.166000,9.87,9.86,9.85,9.84,9.83,2101,2000,2800,3100,5934,9.88,9.89,9.9,9.91,9.92,100,1900,3100,4800,2248,2019-10-04,37390.166
10:23:10.166000,9.87,9.86,9.85,9.84,9.83,2101,2000,2800,3100,5934,9.89,9.9,9.91,9.92,9.93,1900,3100,4800,2248,2300,2019-10-04,37390.166
10:23:10.167000,9.87,9.86,9.85,9.84,9.83,2501,2000,2800,3200,5934,9.89,9.9,9.91,9.92,9.93,1900,3100,4800,2248,2300,2019-10-04,37390.167
10:23:10.167000,9.87,9.86,9.85,9.84,9.83,2701,2000,2800,3200,5934,9.88,9.89,9.9,9.91,9.92,99,1900,3100,4800,2248,2019-10-04,37390.167
10:23:10.167000,9.87,9.86,9.85,9.84,9.83,2601,2000,2800,3200,5934,9.89,9.9,9.91,9.92,9.93,1900,3100,4800,2248,2300,2019-10-04,37390.167
10:23:10.167000,9.87,9.86,9.85,9.84,9.83,2601,2000,2800,3200,5934,9.89,9.9,9.91,9.92,9.93,1900,3100,4800,2248,2300,2019-10-04,37390.167
10:23:10.177000,9.88,9.87,9.86,9.85,9.84,2100,1801,3000,2800,3200,9.89,9.9,9.91,9.92,9.93,2000,3200,4800,2248,2300,2019-10-04,37390.177
10:23:10.177000,9.88,9.87,9.86,9.85,9.84,900,1801,3000,2800,3200,9.89,9.9,9.91,9.92,9.93,2000,3200,4800,2248,2300,2019-10-04,37390.177
10:23:10.177000,9.88,9.87,9.86,9.85,9.84,800,1801,3000,2800,3200,9.89,9.9,9.91,9.92,9.93,2000,3200,4800,2248,2300,2019-10-04,37390.177
10:23:10.177000,9.88,9.87,9.86,9.85,9.84,700,1801,3000,2800,3200,9.89,9.9,9.91,9.92,9.93,2000,3200,4800,2248,2300,2019-10-04,37390.177
10:23:10.177000,9.88,9.87,9.86,9.85,9.84,600,1801,3000,2800,3200,9.89,9.9,9.91,9.92,9.93,2000,3200,4800,2248,2300,2019-10-04,37390.177
10:23:10.177000,9.88,9.87,9.86,9.85,9.84,100,1801,3000,2800,3200,9.89,9.9,9.91,9.92,9.93,2000,3200,4800,2248,2300,2019-10-04,37390.177
10:23:10.177000,9.87,9.86,9.85,9.84,9.83,1801,3000,2800,3200,5934,9.89,9.9,9.91,9.92,9.93,2000,3200,4800,2248,2300,2019-10-04,37390.177
10:23:30.597000,9.87,9.86,9.85,9.84,9.83,2570,1800,3000,3100,5434,9.88,9.89,9.9,9.91,9.92,2900,1800,2800,4800,2648,2019-10-04,37410.597
10:23:30.597000,9.87,9.86,9.85,9.84,9.83,2570,1800,3000,3100,5434,9.88,9.89,9.9,9.91,9.92,1900,1800,2800,4800,2648,2019-10-04,37410.597
