id,time,side,price,qty,xchTime,date,time_elapsed
188,09:30:00.794000,,9.97,28204,34200794,2019-10-04,34200.794
492,09:30:15.551000,SELL,9.89,399,34215551,2019-10-04,34215.551
730,09:31:08.839000,SELL,9.91,100,34268839,2019-10-04,34268.839
770,09:31:08.874000,SELL,9.9,200,34268874,2019-10-04,34268.874
796,09:31:09.041000,SELL,9.9,1400,34269041,2019-10-04,34269.041
828,09:31:09.194000,BUY,9.9,400,34269194,2019-10-04,34269.194
992,09:31:38.818000,SELL,9.89,401,34298818,2019-10-04,34298.818
994,09:31:38.818000,SELL,9.89,200,34298818,2019-10-04,34298.818
1011,09:31:38.907000,SELL,9.88,500,34298907,2019-10-04,34298.907
1051,09:31:39.584000,SELL,9.87,200,34299584,2019-10-04,34299.584
1141,09:31:45.125000,BUY,9.88,200,34305125,2019-10-04,34305.125
1186,09:31:47.372000,BUY,9.89,200,34307372,2019-10-04,34307.372
1190,09:31:47.372000,BUY,9.89,10,34307372,2019-10-04,34307.372
1340,09:32:59.231000,BUY,9.9,300,34379231,2019-10-04,34379.231
1378,09:32:59.282000,BUY,9.91,200,34379282,2019-10-04,34379.282
1382,09:32:59.282000,BUY,9.91,100,34379282,2019-10-04,34379.282
1384,09:32:59.282000,BUY,9.91,200,34379282,2019-10-04,34379.282
1396,09:32:59.282000,SELL,9.91,2300,34379282,2019-10-04,34379.282
1398,09:32:59.282000,SELL,9.91,300,34379282,2019-10-04,34379.282
1479,09:33:10.601000,BUY,9.91,600,34390601,2019-10-04,34390.601
1484,09:33:10.601000,BUY,9.91,100,34390601,2019-10-04,34390.601
1486,09:33:10.601000,BUY,9.91,100,34390601,2019-10-04,34390.601
1636,09:33:35.948000,SELL,9.92,1603,34415948,2019-10-04,34415.948
1530,09:33:11.260000,BUY,9.92,100,34391260,2019-10-04,34391.26
1642,09:33:35.948000,SELL,9.92,200,34415948,2019-10-04,34415.948
1645,09:33:35.948000,SELL,9.92,497,34415948,2019-10-04,34415.948
1647,09:33:35.948000,SELL,9.92,100,34415948,2019-10-04,34415.948
1649,09:33:35.948000,SELL,9.92,100,34415948,2019-10-04,34415.948
1704,09:33:35.965000,BUY,9.92,900,34415965,2019-10-04,34415.965
1709,09:33:35.965000,BUY,9.92,900,34415965,2019-10-04,34415.965
1711,09:33:35.965000,BUY,9.92,200,34415965,2019-10-04,34415.965
1772,09:33:44.018000,SELL,9.92,809,34424018,2019-10-04,34424.018
1776,09:33:44.018000,SELL,9.92,100,34424018,2019-10-04,34424.018
1806,09:33:44.020000,SELL,9.91,900,34424020,2019-10-04,34424.02
1885,09:33:50.892000,BUY,9.91,300,34430892,2019-10-04,34430.892
2207,09:34:20.421000,SELL,9.93,80,34460421,2019-10-04,34460.421
2219,09:34:20.422000,SELL,9.93,120,34460422,2019-10-04,34460.422
2388,09:34:26.952000,SELL,9.9,400,34466952,2019-10-04,34466.952
2495,09:34:31.238000,SELL,9.9,200,34471238,2019-10-04,34471.238
2439,09:34:27.253000,BUY,9.9,109,34467253,2019-10-04,34467.253
2624,09:34:35.020000,SELL,9.88,200,34475020,2019-10-04,34475.02
2628,09:34:35.020000,SELL,9.88,61,34475020,2019-10-04,34475.02
2650,09:34:35.047000,SELL,9.88,78,34475047,2019-10-04,34475.047
2663,09:34:35.047000,SELL,9.88,120,34475047,2019-10-04,34475.047
2700,09:34:35.619000,BUY,9.88,113,34475619,2019-10-04,34475.619
2826,09:34:40.791000,BUY,9.9,200,34480791,2019-10-04,34480.791
2830,09:34:40.791000,BUY,9.9,975,34480791,2019-10-04,34480.791
2833,09:34:40.791000,BUY,9.9,300,34480791,2019-10-04,34480.791
2835,09:34:40.791000,BUY,9.9,100,34480791,2019-10-04,34480.791
2909,09:34:42.198000,SELL,9.9,231,34482198,2019-10-04,34482.198
2946,09:34:42.206000,SELL,9.89,700,34482206,2019-10-04,34482.206
3015,09:34:42.469000,SELL,9.88,100,34482469,2019-10-04,34482.469
3017,09:34:42.469000,SELL,9.88,100,34482469,2019-10-04,34482.469
3019,09:34:42.469000,SELL,9.88,200,34482469,2019-10-04,34482.469
3079,09:34:42.588000,SELL,9.88,200,34482588,2019-10-04,34482.588
3109,09:34:44.831000,BUY,9.88,231,34484831,2019-10-04,34484.831
3113,09:34:44.831000,BUY,9.88,100,34484831,2019-10-04,34484.831
3115,09:34:44.831000,BUY,9.88,100,34484831,2019-10-04,34484.831
3117,09:34:44.831000,BUY,9.88,200,34484831,2019-10-04,34484.831
3167,09:34:45.238000,BUY,9.89,200,34485238,2019-10-04,34485.238
3253,09:34:46.243000,SELL,9.88,200,34486243,2019-10-04,34486.243
3298,09:34:48.226000,BUY,9.88,200,34488226,2019-10-04,34488.226
3302,09:34:48.226000,BUY,9.88,200,34488226,2019-10-04,34488.226
3367,09:34:48.859000,BUY,9.89,300,34488859,2019-10-04,34488.859
3414,09:34:48.880000,SELL,9.89,31,34488880,2019-10-04,34488.88
3446,09:34:51.026000,BUY,9.89,131,34491026,2019-10-04,34491.026
3450,09:34:51.026000,BUY,9.89,100,34491026,2019-10-04,34491.026
3522,09:34:51.795000,SELL,9.89,200,34491795,2019-10-04,34491.795
3566,09:34:56.046000,BUY,9.89,132,34496046,2019-10-04,34496.046
3570,09:34:56.046000,BUY,9.89,100,34496046,2019-10-04,34496.046
3634,09:34:59.327000,SELL,9.89,950,34499327,2019-10-04,34499.327
3791,09:35:03.622000,SELL,9.9,300,34503622,2019-10-04,34503.622
3795,09:35:03.622000,SELL,9.9,100,34503622,2019-10-04,34503.622
3895,09:35:08.523000,SELL,9.89,200,34508523,2019-10-04,34508.523
3899,09:35:08.523000,SELL,9.89,200,34508523,2019-10-04,34508.523
3950,09:35:08.529000,SELL,9.88,1000,34508529,2019-10-04,34508.529
4021,09:35:08.663000,BUY,9.88,210,34508663,2019-10-04,34508.663
4025,09:35:08.663000,BUY,9.88,100,34508663,2019-10-04,34508.663
4376,09:35:40.089000,SELL,9.9,100,34540089,2019-10-04,34540.089
4453,09:35:45.045000,BUY,9.9,200,34545045,2019-10-04,34545.045
4457,09:35:45.045000,BUY,9.9,100,34545045,2019-10-04,34545.045
4459,09:35:45.045000,BUY,9.9,200,34545045,2019-10-04,34545.045
4531,09:35:53.180000,SELL,9.9,400,34553180,2019-10-04,34553.18
4659,09:35:58.268000,SELL,9.9,172,34558268,2019-10-04,34558.268
5000,09:37:00.867000,SELL,9.9,78,34620867,2019-10-04,34620.867
5002,09:37:00.867000,SELL,9.9,22,34620867,2019-10-04,34620.867
5291,09:37:47.245000,SELL,9.89,146,34667245,2019-10-04,34667.245
5043,09:37:01.168000,BUY,9.9,100,34621168,2019-10-04,34621.168
5295,09:37:47.245000,SELL,9.89,100,34667245,2019-10-04,34667.245
5297,09:37:47.245000,SELL,9.89,658,34667245,2019-10-04,34667.245
5303,09:37:47.245000,SELL,9.89,87,34667245,2019-10-04,34667.245
5314,09:37:47.246000,SELL,9.89,155,34667246,2019-10-04,34667.246
5318,09:37:47.246000,SELL,9.89,800,34667246,2019-10-04,34667.246
5320,09:37:47.246000,SELL,9.89,100,34667246,2019-10-04,34667.246
5465,09:37:54.041000,SELL,9.89,500,34674041,2019-10-04,34674.041
5365,09:37:47.247000,BUY,9.89,9,34667247,2019-10-04,34667.247
5844,09:38:36.913000,SELL,9.88,200,34716913,2019-10-04,34716.913
5901,09:38:37.515000,BUY,9.88,100,34717515,2019-10-04,34717.515
5997,09:38:51.761000,BUY,9.88,100,34731761,2019-10-04,34731.761
6287,09:39:08.806000,SELL,9.9,200,34748806,2019-10-04,34748.806
6111,09:39:07.504000,BUY,9.89,100,34747504,2019-10-04,34747.504
6374,09:39:10.829000,SELL,9.9,200,34750829,2019-10-04,34750.829
6414,09:39:10.833000,BUY,9.9,600,34750833,2019-10-04,34750.833
6762,09:40:00.292000,SELL,9.9,200,34800292,2019-10-04,34800.292
6766,09:40:00.292000,SELL,9.9,100,34800292,2019-10-04,34800.292
6977,09:40:10.692000,SELL,9.9,300,34810692,2019-10-04,34810.692
6806,09:40:00.293000,BUY,9.9,3,34800293,2019-10-04,34800.293
7135,09:40:19.123000,SELL,9.9,300,34819123,2019-10-04,34819.123
7566,09:41:02.712000,BUY,9.92,300,34862712,2019-10-04,34862.712
7570,09:41:02.712000,BUY,9.92,100,34862712,2019-10-04,34862.712
7621,09:41:02.714000,SELL,9.92,345,34862714,2019-10-04,34862.714
7598,09:41:02.713000,BUY,9.92,100,34862713,2019-10-04,34862.713
7625,09:41:02.714000,SELL,9.92,100,34862714,2019-10-04,34862.714
7627,09:41:02.714000,SELL,9.92,200,34862714,2019-10-04,34862.714
7678,09:41:02.916000,BUY,9.92,345,34862916,2019-10-04,34862.916
7682,09:41:02.916000,BUY,9.92,100,34862916,2019-10-04,34862.916
7684,09:41:02.916000,BUY,9.92,200,34862916,2019-10-04,34862.916
7686,09:41:02.916000,BUY,9.92,100,34862916,2019-10-04,34862.916
7688,09:41:02.916000,BUY,9.92,100,34862916,2019-10-04,34862.916
7724,09:41:02.921000,SELL,9.92,200,34862921,2019-10-04,34862.921
7745,09:41:02.921000,SELL,9.92,45,34862921,2019-10-04,34862.921
7799,09:41:03.119000,BUY,9.92,300,34863119,2019-10-04,34863.119
7803,09:41:03.119000,BUY,9.92,200,34863119,2019-10-04,34863.119
7805,09:41:03.119000,BUY,9.92,200,34863119,2019-10-04,34863.119
7807,09:41:03.119000,BUY,9.92,45,34863119,2019-10-04,34863.119
7809,09:41:03.119000,BUY,9.92,200,34863119,2019-10-04,34863.119
7811,09:41:03.119000,BUY,9.92,100,34863119,2019-10-04,34863.119
7813,09:41:03.119000,BUY,9.92,100,34863119,2019-10-04,34863.119
7815,09:41:03.119000,BUY,9.92,400,34863119,2019-10-04,34863.119
7999,09:41:07.770000,SELL,9.93,146,34867770,2019-10-04,34867.77
7919,09:41:05.360000,BUY,9.93,1,34865360,2019-10-04,34865.36
8003,09:41:07.770000,SELL,9.93,200,34867770,2019-10-04,34867.77
8098,09:41:18.777000,BUY,9.93,246,34878777,2019-10-04,34878.777
8102,09:41:18.777000,BUY,9.93,100,34878777,2019-10-04,34878.777
8104,09:41:18.777000,BUY,9.93,54,34878777,2019-10-04,34878.777
8107,09:41:18.777000,BUY,9.93,46,34878777,2019-10-04,34878.777
8270,09:41:23.095000,SELL,9.94,200,34883095,2019-10-04,34883.095
8339,09:41:26.413000,BUY,9.94,200,34886413,2019-10-04,34886.413
8343,09:41:26.413000,BUY,9.94,46,34886413,2019-10-04,34886.413
8345,09:41:26.413000,BUY,9.94,200,34886413,2019-10-04,34886.413
8408,09:41:26.806000,SELL,9.94,46,34886806,2019-10-04,34886.806
8480,09:41:27.015000,BUY,9.94,300,34887015,2019-10-04,34887.015
8484,09:41:27.015000,BUY,9.94,46,34887015,2019-10-04,34887.015
8486,09:41:27.015000,BUY,9.94,200,34887015,2019-10-04,34887.015
8488,09:41:27.015000,BUY,9.94,28,34887015,2019-10-04,34887.015
8616,09:41:28.738000,SELL,9.93,300,34888738,2019-10-04,34888.738
8620,09:41:28.738000,SELL,9.93,100,34888738,2019-10-04,34888.738
8622,09:41:28.738000,SELL,9.93,100,34888738,2019-10-04,34888.738
8676,09:41:28.844000,BUY,9.93,700,34888844,2019-10-04,34888.844
8873,09:41:33.623000,BUY,9.94,1000,34893623,2019-10-04,34893.623
8953,09:41:33.793000,BUY,9.95,600,34893793,2019-10-04,34893.793
8958,09:41:33.793000,BUY,9.95,100,34893793,2019-10-04,34893.793
9014,09:41:33.823000,SELL,9.95,247,34893823,2019-10-04,34893.823
9018,09:41:33.823000,SELL,9.95,200,34893823,2019-10-04,34893.823
9099,09:41:37.496000,BUY,9.95,200,34897496,2019-10-04,34897.496
9103,09:41:37.496000,BUY,9.95,300,34897496,2019-10-04,34897.496
9105,09:41:37.496000,BUY,9.95,300,34897496,2019-10-04,34897.496
9107,09:41:37.496000,BUY,9.95,47,34897496,2019-10-04,34897.496
9109,09:41:37.496000,BUY,9.95,400,34897496,2019-10-04,34897.496
9190,09:41:39.337000,BUY,9.96,200,34899337,2019-10-04,34899.337
9195,09:41:39.337000,BUY,9.96,2000,34899337,2019-10-04,34899.337
9287,09:41:39.838000,SELL,9.96,400,34899838,2019-10-04,34899.838
9231,09:41:39.338000,BUY,9.97,100,34899338,2019-10-04,34899.338
9389,09:41:45.727000,SELL,9.95,300,34905727,2019-10-04,34905.727
9759,09:42:01.065000,BUY,9.95,400,34921065,2019-10-04,34921.065
9828,09:42:03.133000,BUY,9.96,100,34923133,2019-10-04,34923.133
10179,09:42:16.135000,SELL,9.97,300,34936135,2019-10-04,34936.135
9969,09:42:09.874000,BUY,9.97,100,34929874,2019-10-04,34929.874
10387,09:42:18.730000,SELL,9.95,200,34938730,2019-10-04,34938.73
10450,09:42:18.986000,BUY,9.95,3,34938986,2019-10-04,34938.986
10467,09:42:18.986000,BUY,9.95,1,34938986,2019-10-04,34938.986
10469,09:42:18.986000,BUY,9.95,1,34938986,2019-10-04,34938.986
10547,09:42:19.960000,SELL,9.95,644,34939960,2019-10-04,34939.96
10773,09:42:44.755000,SELL,9.94,900,34964755,2019-10-04,34964.755
11327,09:44:00.861000,BUY,9.95,200,35040861,2019-10-04,35040.861
11629,09:44:35.604000,SELL,9.95,200,35075604,2019-10-04,35075.604
11486,09:44:07.403000,BUY,9.95,200,35047403,2019-10-04,35047.403
11851,09:44:58.208000,BUY,9.94,254,35098208,2019-10-04,35098.208
11855,09:44:58.208000,BUY,9.94,300,35098208,2019-10-04,35098.208
11857,09:44:58.208000,BUY,9.94,480,35098208,2019-10-04,35098.208
11859,09:44:58.208000,BUY,9.94,66,35098208,2019-10-04,35098.208
12005,09:45:02.299000,BUY,9.94,334,35102299,2019-10-04,35102.299
12009,09:45:02.299000,BUY,9.94,100,35102299,2019-10-04,35102.299
12011,09:45:02.299000,BUY,9.94,200,35102299,2019-10-04,35102.299
12013,09:45:02.299000,BUY,9.94,100,35102299,2019-10-04,35102.299
12015,09:45:02.299000,BUY,9.94,400,35102299,2019-10-04,35102.299
12017,09:45:02.299000,BUY,9.94,366,35102299,2019-10-04,35102.299
12457,09:46:03.377000,BUY,9.94,115,35163377,2019-10-04,35163.377
12462,09:46:03.377000,BUY,9.94,186,35163377,2019-10-04,35163.377
12471,09:46:03.377000,BUY,9.94,99,35163377,2019-10-04,35163.377
12983,09:47:05.207000,SELL,9.96,497,35225207,2019-10-04,35225.207
13466,09:48:25.318000,SELL,9.96,300,35305318,2019-10-04,35305.318
13468,09:48:25.318000,SELL,9.96,100,35305318,2019-10-04,35305.318
13470,09:48:25.318000,SELL,9.96,33,35305318,2019-10-04,35305.318
13484,09:48:25.318000,SELL,9.96,67,35305318,2019-10-04,35305.318
13486,09:48:25.318000,SELL,9.96,300,35305318,2019-10-04,35305.318
13595,09:48:32.531000,BUY,9.96,363,35312531,2019-10-04,35312.531
13599,09:48:32.531000,BUY,9.96,137,35312531,2019-10-04,35312.531
13626,09:48:32.532000,BUY,9.96,200,35312532,2019-10-04,35312.532
13659,09:48:33.930000,BUY,9.96,401,35313930,2019-10-04,35313.93
13702,09:48:34.376000,BUY,9.96,362,35314376,2019-10-04,35314.376
13706,09:48:34.376000,BUY,9.96,38,35314376,2019-10-04,35314.376
13811,09:48:38.378000,SELL,9.96,358,35318378,2019-10-04,35318.378
13816,09:48:38.378000,SELL,9.96,42,35318378,2019-10-04,35318.378
13961,09:48:53.353000,SELL,9.95,122,35333353,2019-10-04,35333.353
13965,09:48:53.353000,SELL,9.95,78,35333353,2019-10-04,35333.353
13967,09:48:53.353000,SELL,9.95,300,35333353,2019-10-04,35333.353
13969,09:48:53.353000,SELL,9.95,100,35333353,2019-10-04,35333.353
13971,09:48:53.353000,SELL,9.95,100,35333353,2019-10-04,35333.353
13973,09:48:53.353000,SELL,9.95,300,35333353,2019-10-04,35333.353
14037,09:48:53.853000,SELL,9.94,200,35333853,2019-10-04,35333.853
14643,09:49:39.664000,BUY,9.94,165,35379664,2019-10-04,35379.664
14647,09:49:39.664000,BUY,9.94,100,35379664,2019-10-04,35379.664
14649,09:49:39.664000,BUY,9.94,35,35379664,2019-10-04,35379.664
14752,09:49:40.864000,SELL,9.94,130,35380864,2019-10-04,35380.864
14935,09:49:43.968000,SELL,9.94,400,35383968,2019-10-04,35383.968
15064,09:49:47.915000,SELL,9.93,400,35387915,2019-10-04,35387.915
15068,09:49:47.915000,SELL,9.93,100,35387915,2019-10-04,35387.915
15501,09:49:59.108000,SELL,9.93,200,35399108,2019-10-04,35399.108
15628,09:50:00.216000,BUY,9.92,168,35400216,2019-10-04,35400.216
15632,09:50:00.216000,BUY,9.92,500,35400216,2019-10-04,35400.216
15634,09:50:00.216000,BUY,9.92,137,35400216,2019-10-04,35400.216
15650,09:50:00.216000,BUY,9.92,163,35400216,2019-10-04,35400.216
15652,09:50:00.216000,BUY,9.92,320,35400216,2019-10-04,35400.216
15928,09:50:44.629000,BUY,9.93,547,35444629,2019-10-04,35444.629
15966,09:50:44.631000,BUY,9.93,253,35444631,2019-10-04,35444.631
15974,09:50:44.632000,SELL,9.92,71,35444632,2019-10-04,35444.632
15994,09:50:44.637000,BUY,9.93,800,35444637,2019-10-04,35444.637
16126,09:51:01.493000,BUY,9.93,100,35461493,2019-10-04,35461.493
16201,09:51:01.494000,SELL,9.93,372,35461494,2019-10-04,35461.494
16205,09:51:01.494000,SELL,9.93,100,35461494,2019-10-04,35461.494
16207,09:51:01.494000,SELL,9.93,400,35461494,2019-10-04,35461.494
16264,09:51:01.709000,BUY,9.93,172,35461709,2019-10-04,35461.709
16268,09:51:01.709000,BUY,9.93,600,35461709,2019-10-04,35461.709
16270,09:51:01.709000,BUY,9.93,300,35461709,2019-10-04,35461.709
16272,09:51:01.709000,BUY,9.93,500,35461709,2019-10-04,35461.709
16288,09:51:01.709000,BUY,9.93,500,35461709,2019-10-04,35461.709
16290,09:51:01.709000,BUY,9.93,100,35461709,2019-10-04,35461.709
16292,09:51:01.709000,BUY,9.93,100,35461709,2019-10-04,35461.709
16302,09:51:01.709000,BUY,9.93,100,35461709,2019-10-04,35461.709
16348,09:51:01.710000,SELL,9.93,100,35461710,2019-10-04,35461.71
16308,09:51:01.710000,BUY,9.93,400,35461710,2019-10-04,35461.71
16350,09:51:01.710000,SELL,9.93,700,35461710,2019-10-04,35461.71
16352,09:51:01.710000,SELL,9.93,700,35461710,2019-10-04,35461.71
16354,09:51:01.710000,SELL,9.93,300,35461710,2019-10-04,35461.71
16356,09:51:01.710000,SELL,9.93,72,35461710,2019-10-04,35461.71
16358,09:51:01.710000,SELL,9.93,700,35461710,2019-10-04,35461.71
16360,09:51:01.710000,SELL,9.93,400,35461710,2019-10-04,35461.71
16362,09:51:01.710000,SELL,9.93,1,35461710,2019-10-04,35461.71
16411,09:51:01.878000,BUY,9.93,172,35461878,2019-10-04,35461.878
16415,09:51:01.878000,BUY,9.93,700,35461878,2019-10-04,35461.878
16417,09:51:01.878000,BUY,9.93,700,35461878,2019-10-04,35461.878
16419,09:51:01.878000,BUY,9.93,500,35461878,2019-10-04,35461.878
16439,09:51:01.878000,BUY,9.93,34,35461878,2019-10-04,35461.878
16441,09:51:01.878000,BUY,9.93,84,35461878,2019-10-04,35461.878
16444,09:51:01.878000,BUY,9.93,348,35461878,2019-10-04,35461.878
16456,09:51:01.878000,BUY,9.94,34,35461878,2019-10-04,35461.878
16480,09:51:01.879000,SELL,9.93,1072,35461879,2019-10-04,35461.879
16484,09:51:01.879000,SELL,9.93,100,35461879,2019-10-04,35461.879
16486,09:51:01.879000,SELL,9.93,300,35461879,2019-10-04,35461.879
16488,09:51:01.879000,SELL,9.93,400,35461879,2019-10-04,35461.879
16490,09:51:01.879000,SELL,9.93,200,35461879,2019-10-04,35461.879
16673,09:51:11.166000,BUY,9.93,900,35471166,2019-10-04,35471.166
16810,09:51:15.413000,BUY,9.94,3,35475413,2019-10-04,35475.413
16903,09:51:18.254000,SELL,9.93,300,35478254,2019-10-04,35478.254
16907,09:51:18.254000,SELL,9.93,300,35478254,2019-10-04,35478.254
16909,09:51:18.254000,SELL,9.93,100,35478254,2019-10-04,35478.254
16911,09:51:18.254000,SELL,9.93,100,35478254,2019-10-04,35478.254
17114,09:51:23.641000,BUY,9.93,373,35483641,2019-10-04,35483.641
17118,09:51:23.641000,BUY,9.93,27,35483641,2019-10-04,35483.641
17128,09:51:23.641000,BUY,9.93,1,35483641,2019-10-04,35483.641
17235,09:51:29.206000,SELL,9.93,400,35489206,2019-10-04,35489.206
17588,09:52:06.150000,BUY,9.93,233,35526150,2019-10-04,35526.15
18270,09:54:19.728000,BUY,9.93,2,35659728,2019-10-04,35659.728
18282,09:54:19.729000,SELL,9.92,400,35659729,2019-10-04,35659.729
18286,09:54:19.729000,SELL,9.92,100,35659729,2019-10-04,35659.729
18291,09:54:19.729000,SELL,9.92,82,35659729,2019-10-04,35659.729
18293,09:54:19.729000,SELL,9.92,18,35659729,2019-10-04,35659.729
18295,09:54:19.729000,SELL,9.92,382,35659729,2019-10-04,35659.729
18301,09:54:19.729000,SELL,9.92,100,35659729,2019-10-04,35659.729
18303,09:54:19.729000,SELL,9.92,100,35659729,2019-10-04,35659.729
18307,09:54:19.729000,SELL,9.92,100,35659729,2019-10-04,35659.729
18309,09:54:19.729000,SELL,9.92,100,35659729,2019-10-04,35659.729
18311,09:54:19.729000,SELL,9.92,100,35659729,2019-10-04,35659.729
18313,09:54:19.729000,SELL,9.92,567,35659729,2019-10-04,35659.729
18319,09:54:19.729000,SELL,9.92,33,35659729,2019-10-04,35659.729
18321,09:54:19.729000,SELL,9.92,100,35659729,2019-10-04,35659.729
18323,09:54:19.729000,SELL,9.92,53,35659729,2019-10-04,35659.729
18330,09:54:19.729000,SELL,9.92,147,35659729,2019-10-04,35659.729
18332,09:54:19.729000,SELL,9.92,100,35659729,2019-10-04,35659.729
18380,09:54:19.867000,BUY,9.92,782,35659867,2019-10-04,35659.867
18384,09:54:19.867000,BUY,9.92,498,35659867,2019-10-04,35659.867
18386,09:54:19.867000,BUY,9.92,300,35659867,2019-10-04,35659.867
18417,09:54:19.871000,SELL,9.91,696,35659871,2019-10-04,35659.871
18590,09:54:36.662000,SELL,9.91,404,35676662,2019-10-04,35676.662
18594,09:54:36.662000,SELL,9.91,300,35676662,2019-10-04,35676.662
18596,09:54:36.662000,SELL,9.91,96,35676662,2019-10-04,35676.662
18628,09:54:36.663000,SELL,9.91,4,35676663,2019-10-04,35676.663
19135,09:55:58.482000,SELL,9.9,200,35758482,2019-10-04,35758.482
19139,09:55:58.482000,SELL,9.9,100,35758482,2019-10-04,35758.482
19141,09:55:58.482000,SELL,9.9,100,35758482,2019-10-04,35758.482
19212,09:55:58.491000,BUY,9.9,600,35758491,2019-10-04,35758.491
19216,09:55:58.491000,BUY,9.9,300,35758491,2019-10-04,35758.491
19218,09:55:58.491000,BUY,9.9,87,35758491,2019-10-04,35758.491
19220,09:55:58.491000,BUY,9.9,100,35758491,2019-10-04,35758.491
19222,09:55:58.491000,BUY,9.9,800,35758491,2019-10-04,35758.491
19224,09:55:58.491000,BUY,9.9,100,35758491,2019-10-04,35758.491
19226,09:55:58.491000,BUY,9.9,100,35758491,2019-10-04,35758.491
19228,09:55:58.491000,BUY,9.9,400,35758491,2019-10-04,35758.491
19230,09:55:58.491000,BUY,9.9,500,35758491,2019-10-04,35758.491
19232,09:55:58.491000,BUY,9.9,300,35758491,2019-10-04,35758.491
19234,09:55:58.491000,BUY,9.9,554,35758491,2019-10-04,35758.491
19236,09:55:58.491000,BUY,9.9,300,35758491,2019-10-04,35758.491
19238,09:55:58.491000,BUY,9.9,490,35758491,2019-10-04,35758.491
19335,09:55:58.984000,BUY,9.91,1600,35758984,2019-10-04,35758.984
19896,09:56:44.301000,BUY,9.93,200,35804301,2019-10-04,35804.301
19942,09:56:44.369000,SELL,9.92,300,35804369,2019-10-04,35804.369
20065,09:56:50.192000,SELL,9.93,600,35810192,2019-10-04,35810.192
20069,09:56:50.192000,SELL,9.93,300,35810192,2019-10-04,35810.192
20071,09:56:50.192000,SELL,9.93,300,35810192,2019-10-04,35810.192
20073,09:56:50.192000,SELL,9.93,100,35810192,2019-10-04,35810.192
20271,09:57:41.909000,BUY,9.93,2000,35861909,2019-10-04,35861.909
20322,09:57:41.909000,SELL,9.93,300,35861909,2019-10-04,35861.909
20324,09:57:41.909000,SELL,9.93,1000,35861909,2019-10-04,35861.909
20326,09:57:41.909000,SELL,9.93,93,35861909,2019-10-04,35861.909
20328,09:57:41.909000,SELL,9.93,100,35861909,2019-10-04,35861.909
20330,09:57:41.909000,SELL,9.93,700,35861909,2019-10-04,35861.909
20332,09:57:41.909000,SELL,9.93,100,35861909,2019-10-04,35861.909
20334,09:57:41.909000,SELL,9.93,100,35861909,2019-10-04,35861.909
20336,09:57:41.909000,SELL,9.93,300,35861909,2019-10-04,35861.909
20338,09:57:41.909000,SELL,9.93,900,35861909,2019-10-04,35861.909
20340,09:57:41.909000,SELL,9.93,900,35861909,2019-10-04,35861.909
20342,09:57:41.909000,SELL,9.93,200,35861909,2019-10-04,35861.909
20344,09:57:41.909000,SELL,9.93,100,35861909,2019-10-04,35861.909
20373,09:57:41.910000,SELL,9.93,100,35861910,2019-10-04,35861.91
20388,09:57:41.910000,SELL,9.93,400,35861910,2019-10-04,35861.91
20390,09:57:41.910000,SELL,9.93,400,35861910,2019-10-04,35861.91
20392,09:57:41.910000,SELL,9.93,100,35861910,2019-10-04,35861.91
20394,09:57:41.910000,SELL,9.93,300,35861910,2019-10-04,35861.91
20574,09:58:11.148000,BUY,9.93,2317,35891148,2019-10-04,35891.148
20600,09:58:11.151000,BUY,9.93,206,35891151,2019-10-04,35891.151
20605,09:58:11.151000,BUY,9.93,769,35891151,2019-10-04,35891.151
20609,09:58:11.151000,BUY,9.93,47,35891151,2019-10-04,35891.151
20699,09:58:11.157000,SELL,9.93,1095,35891157,2019-10-04,35891.157
20623,09:58:11.153000,BUY,9.93,100,35891153,2019-10-04,35891.153
20703,09:58:11.157000,SELL,9.93,100,35891157,2019-10-04,35891.157
20705,09:58:11.157000,SELL,9.93,1200,35891157,2019-10-04,35891.157
20707,09:58:11.157000,SELL,9.93,700,35891157,2019-10-04,35891.157
20709,09:58:11.157000,SELL,9.93,400,35891157,2019-10-04,35891.157
20711,09:58:11.157000,SELL,9.93,400,35891157,2019-10-04,35891.157
20774,09:58:11.208000,BUY,9.93,195,35891208,2019-10-04,35891.208
20779,09:58:11.208000,BUY,9.93,700,35891208,2019-10-04,35891.208
20781,09:58:11.208000,BUY,9.93,1500,35891208,2019-10-04,35891.208
20834,09:58:11.210000,SELL,9.93,1295,35891210,2019-10-04,35891.21
20838,09:58:11.210000,SELL,9.93,100,35891210,2019-10-04,35891.21
20840,09:58:11.210000,SELL,9.93,682,35891210,2019-10-04,35891.21
20842,09:58:11.210000,SELL,9.93,400,35891210,2019-10-04,35891.21
21849,10:00:41.633000,SELL,9.92,400,36041633,2019-10-04,36041.633
22818,10:03:16.470000,BUY,9.93,600,36196470,2019-10-04,36196.47
23139,10:03:23.797000,BUY,9.94,200,36203797,2019-10-04,36203.797
23177,10:03:23.798000,BUY,9.94,36,36203798,2019-10-04,36203.798
23181,10:03:23.798000,BUY,9.94,64,36203798,2019-10-04,36203.798
23189,10:03:23.798000,BUY,9.94,24,36203798,2019-10-04,36203.798
23194,10:03:23.798000,BUY,9.94,76,36203798,2019-10-04,36203.798
23234,10:03:23.798000,BUY,9.95,100,36203798,2019-10-04,36203.798
23236,10:03:23.798000,SELL,9.94,100,36203798,2019-10-04,36203.798
23240,10:03:23.798000,SELL,9.94,100,36203798,2019-10-04,36203.798
23242,10:03:23.798000,SELL,9.94,100,36203798,2019-10-04,36203.798
23244,10:03:23.798000,SELL,9.94,100,36203798,2019-10-04,36203.798
23246,10:03:23.798000,SELL,9.94,300,36203798,2019-10-04,36203.798
23248,10:03:23.798000,SELL,9.94,1200,36203798,2019-10-04,36203.798
23250,10:03:23.798000,SELL,9.94,100,36203798,2019-10-04,36203.798
23252,10:03:23.798000,SELL,9.94,200,36203798,2019-10-04,36203.798
23254,10:03:23.798000,SELL,9.94,300,36203798,2019-10-04,36203.798
23256,10:03:23.798000,SELL,9.94,100,36203798,2019-10-04,36203.798
23258,10:03:23.798000,SELL,9.94,100,36203798,2019-10-04,36203.798
23260,10:03:23.798000,SELL,9.94,100,36203798,2019-10-04,36203.798
23292,10:03:23.798000,BUY,9.95,1,36203798,2019-10-04,36203.798
23294,10:03:23.798000,BUY,9.95,1,36203798,2019-10-04,36203.798
23305,10:03:23.799000,SELL,9.94,500,36203799,2019-10-04,36203.799
23970,10:05:09.933000,SELL,9.93,100,36309933,2019-10-04,36309.933
23972,10:05:09.933000,SELL,9.93,100,36309933,2019-10-04,36309.933
23974,10:05:09.933000,SELL,9.93,200,36309933,2019-10-04,36309.933
23976,10:05:09.933000,SELL,9.93,100,36309933,2019-10-04,36309.933
23993,10:05:09.933000,SELL,9.93,300,36309933,2019-10-04,36309.933
24069,10:05:09.935000,SELL,9.92,300,36309935,2019-10-04,36309.935
24073,10:05:09.935000,SELL,9.92,100,36309935,2019-10-04,36309.935
24075,10:05:09.935000,SELL,9.92,300,36309935,2019-10-04,36309.935
24077,10:05:09.935000,SELL,9.92,200,36309935,2019-10-04,36309.935
24079,10:05:09.935000,SELL,9.92,200,36309935,2019-10-04,36309.935
24081,10:05:09.935000,SELL,9.92,100,36309935,2019-10-04,36309.935
24083,10:05:09.935000,SELL,9.92,200,36309935,2019-10-04,36309.935
24085,10:05:09.935000,SELL,9.92,1,36309935,2019-10-04,36309.935
24087,10:05:09.935000,SELL,9.92,100,36309935,2019-10-04,36309.935
24128,10:05:09.936000,SELL,9.92,134,36309936,2019-10-04,36309.936
24138,10:05:09.936000,SELL,9.92,67,36309936,2019-10-04,36309.936
24143,10:05:09.936000,SELL,9.92,99,36309936,2019-10-04,36309.936
24145,10:05:09.936000,SELL,9.92,111,36309936,2019-10-04,36309.936
24206,10:05:10.060000,BUY,9.92,200,36310060,2019-10-04,36310.06
24210,10:05:10.060000,BUY,9.92,1500,36310060,2019-10-04,36310.06
24212,10:05:10.060000,BUY,9.92,100,36310060,2019-10-04,36310.06
24214,10:05:10.060000,BUY,9.92,41,36310060,2019-10-04,36310.06
24216,10:05:10.060000,BUY,9.92,1200,36310060,2019-10-04,36310.06
24218,10:05:10.060000,BUY,9.92,932,36310060,2019-10-04,36310.06
24220,10:05:10.060000,BUY,9.92,100,36310060,2019-10-04,36310.06
24222,10:05:10.060000,BUY,9.92,300,36310060,2019-10-04,36310.06
24275,10:05:10.061000,SELL,9.92,920,36310061,2019-10-04,36310.061
24433,10:05:13.091000,SELL,9.92,200,36313091,2019-10-04,36313.091
24964,10:06:29.211000,SELL,9.92,1000,36389211,2019-10-04,36389.211
24723,10:06:02.155000,BUY,9.92,5,36362155,2019-10-04,36362.155
25583,10:08:31.514000,SELL,9.91,100,36511514,2019-10-04,36511.514
25585,10:08:31.514000,SELL,9.91,100,36511514,2019-10-04,36511.514
25587,10:08:31.514000,SELL,9.91,100,36511514,2019-10-04,36511.514
25742,10:08:47.840000,SELL,9.9,200,36527840,2019-10-04,36527.84
25751,10:08:47.840000,SELL,9.9,200,36527840,2019-10-04,36527.84
25753,10:08:47.840000,SELL,9.9,26,36527840,2019-10-04,36527.84
25763,10:08:47.840000,SELL,9.9,32,36527840,2019-10-04,36527.84
25772,10:08:47.840000,SELL,9.9,42,36527840,2019-10-04,36527.84
26128,10:09:25.264000,SELL,9.89,300,36565264,2019-10-04,36565.264
26132,10:09:25.264000,SELL,9.89,100,36565264,2019-10-04,36565.264
26134,10:09:25.264000,SELL,9.89,100,36565264,2019-10-04,36565.264
26136,10:09:25.264000,SELL,9.89,100,36565264,2019-10-04,36565.264
26458,10:10:09.976000,SELL,9.88,400,36609976,2019-10-04,36609.976
26462,10:10:09.976000,SELL,9.88,300,36609976,2019-10-04,36609.976
26464,10:10:09.976000,SELL,9.88,100,36609976,2019-10-04,36609.976
26466,10:10:09.976000,SELL,9.88,100,36609976,2019-10-04,36609.976
26739,10:10:27.891000,SELL,9.87,200,36627891,2019-10-04,36627.891
26800,10:10:27.894000,SELL,9.86,104,36627894,2019-10-04,36627.894
26804,10:10:27.894000,SELL,9.86,100,36627894,2019-10-04,36627.894
26806,10:10:27.894000,SELL,9.86,100,36627894,2019-10-04,36627.894
26808,10:10:27.894000,SELL,9.86,200,36627894,2019-10-04,36627.894
26810,10:10:27.894000,SELL,9.86,200,36627894,2019-10-04,36627.894
26812,10:10:27.894000,SELL,9.86,100,36627894,2019-10-04,36627.894
26814,10:10:27.894000,SELL,9.86,200,36627894,2019-10-04,36627.894
26816,10:10:27.894000,SELL,9.86,100,36627894,2019-10-04,36627.894
26818,10:10:27.894000,SELL,9.86,100,36627894,2019-10-04,36627.894
26820,10:10:27.894000,SELL,9.86,500,36627894,2019-10-04,36627.894
26963,10:10:27.902000,BUY,9.86,500,36627902,2019-10-04,36627.902
27098,10:10:30.358000,BUY,9.86,200,36630358,2019-10-04,36630.358
27100,10:10:30.358000,BUY,9.86,200,36630358,2019-10-04,36630.358
27378,10:10:48.124000,SELL,9.86,291,36648124,2019-10-04,36648.124
27508,10:11:07.642000,SELL,9.86,200,36667642,2019-10-04,36667.642
27512,10:11:07.642000,SELL,9.86,100,36667642,2019-10-04,36667.642
28368,10:13:49.264000,SELL,9.86,300,36829264,2019-10-04,36829.264
27544,10:11:07.675000,BUY,9.87,100,36667675,2019-10-04,36667.675
28372,10:13:49.264000,SELL,9.86,100,36829264,2019-10-04,36829.264
28374,10:13:49.264000,SELL,9.86,100,36829264,2019-10-04,36829.264
28376,10:13:49.264000,SELL,9.86,1200,36829264,2019-10-04,36829.264
28378,10:13:49.264000,SELL,9.86,100,36829264,2019-10-04,36829.264
28380,10:13:49.264000,SELL,9.86,100,36829264,2019-10-04,36829.264
28382,10:13:49.264000,SELL,9.86,100,36829264,2019-10-04,36829.264
28384,10:13:49.264000,SELL,9.86,100,36829264,2019-10-04,36829.264
28748,10:15:10.302000,SELL,9.85,200,36910302,2019-10-04,36910.302
28752,10:15:10.302000,SELL,9.85,200,36910302,2019-10-04,36910.302
28754,10:15:10.302000,SELL,9.85,100,36910302,2019-10-04,36910.302
28756,10:15:10.302000,SELL,9.85,100,36910302,2019-10-04,36910.302
28758,10:15:10.302000,SELL,9.85,100,36910302,2019-10-04,36910.302
28760,10:15:10.302000,SELL,9.85,1,36910302,2019-10-04,36910.302
28762,10:15:10.302000,SELL,9.85,100,36910302,2019-10-04,36910.302
28764,10:15:10.302000,SELL,9.85,100,36910302,2019-10-04,36910.302
28766,10:15:10.302000,SELL,9.85,100,36910302,2019-10-04,36910.302
28862,10:15:10.304000,SELL,9.84,200,36910304,2019-10-04,36910.304
28971,10:15:24.850000,BUY,9.85,100,36924850,2019-10-04,36924.85
29008,10:15:24.850000,SELL,9.84,300,36924850,2019-10-04,36924.85
29019,10:15:24.856000,SELL,9.84,500,36924856,2019-10-04,36924.856
29442,10:16:51.898000,SELL,9.84,1,37011898,2019-10-04,37011.898
29444,10:16:51.898000,SELL,9.84,100,37011898,2019-10-04,37011.898
29446,10:16:51.898000,SELL,9.84,100,37011898,2019-10-04,37011.898
29957,10:18:19.457000,SELL,9.83,400,37099457,2019-10-04,37099.457
29961,10:18:19.457000,SELL,9.83,100,37099457,2019-10-04,37099.457
29963,10:18:19.457000,SELL,9.83,200,37099457,2019-10-04,37099.457
29965,10:18:19.457000,SELL,9.83,100,37099457,2019-10-04,37099.457
29967,10:18:19.457000,SELL,9.83,200,37099457,2019-10-04,37099.457
29969,10:18:19.457000,SELL,9.83,200,37099457,2019-10-04,37099.457
30107,10:18:21.897000,BUY,9.83,800,37101897,2019-10-04,37101.897
30119,10:18:21.897000,BUY,9.83,100,37101897,2019-10-04,37101.897
30121,10:18:21.897000,BUY,9.83,200,37101897,2019-10-04,37101.897
30123,10:18:21.897000,BUY,9.83,600,37101897,2019-10-04,37101.897
30125,10:18:21.897000,BUY,9.83,1400,37101897,2019-10-04,37101.897
30127,10:18:21.897000,BUY,9.83,285,37101897,2019-10-04,37101.897
30129,10:18:21.897000,BUY,9.83,300,37101897,2019-10-04,37101.897
30210,10:18:21.898000,SELL,9.83,1104,37101898,2019-10-04,37101.898
30219,10:18:21.898000,SELL,9.83,296,37101898,2019-10-04,37101.898
30221,10:18:21.898000,SELL,9.83,10,37101898,2019-10-04,37101.898
30228,10:18:21.898000,SELL,9.83,227,37101898,2019-10-04,37101.898
30275,10:18:21.901000,SELL,9.83,1163,37101901,2019-10-04,37101.901
30279,10:18:21.901000,SELL,9.83,1600,37101901,2019-10-04,37101.901
30281,10:18:21.901000,SELL,9.83,100,37101901,2019-10-04,37101.901
30283,10:18:21.901000,SELL,9.83,100,37101901,2019-10-04,37101.901
30285,10:18:21.901000,SELL,9.83,400,37101901,2019-10-04,37101.901
30287,10:18:21.901000,SELL,9.83,400,37101901,2019-10-04,37101.901
30527,10:18:56.294000,SELL,9.82,300,37136294,2019-10-04,37136.294
30531,10:18:56.294000,SELL,9.82,200,37136294,2019-10-04,37136.294
30533,10:18:56.294000,SELL,9.82,100,37136294,2019-10-04,37136.294
30535,10:18:56.294000,SELL,9.82,300,37136294,2019-10-04,37136.294
30537,10:18:56.294000,SELL,9.82,100,37136294,2019-10-04,37136.294
30539,10:18:56.294000,SELL,9.82,200,37136294,2019-10-04,37136.294
30541,10:18:56.294000,SELL,9.82,200,37136294,2019-10-04,37136.294
30543,10:18:56.294000,SELL,9.82,1,37136294,2019-10-04,37136.294
31085,10:19:57.971000,BUY,9.82,1000,37197971,2019-10-04,37197.971
31361,10:20:59.827000,BUY,9.82,264,37259827,2019-10-04,37259.827
31383,10:20:59.827000,BUY,9.82,1636,37259827,2019-10-04,37259.827
31385,10:20:59.827000,BUY,9.82,1600,37259827,2019-10-04,37259.827
31387,10:20:59.827000,BUY,9.82,220,37259827,2019-10-04,37259.827
31403,10:20:59.827000,SELL,9.81,800,37259827,2019-10-04,37259.827
31881,10:22:20.175000,BUY,9.83,400,37340175,2019-10-04,37340.175
31885,10:22:20.175000,BUY,9.83,100,37340175,2019-10-04,37340.175
31887,10:22:20.175000,BUY,9.83,200,37340175,2019-10-04,37340.175
31916,10:22:20.175000,BUY,9.83,200,37340175,2019-10-04,37340.175
31918,10:22:20.175000,BUY,9.83,300,37340175,2019-10-04,37340.175
32087,10:22:22.480000,BUY,9.84,200,37342480,2019-10-04,37342.48
32259,10:22:49.778000,BUY,9.85,300,37369778,2019-10-04,37369.778
32263,10:22:49.778000,BUY,9.85,500,37369778,2019-10-04,37369.778
32265,10:22:49.778000,BUY,9.85,100,37369778,2019-10-04,37369.778
32423,10:22:53.258000,BUY,9.86,700,37373258,2019-10-04,37373.258
32427,10:22:53.258000,BUY,9.86,500,37373258,2019-10-04,37373.258
32429,10:22:53.258000,BUY,9.86,200,37373258,2019-10-04,37373.258
32431,10:22:53.258000,BUY,9.86,400,37373258,2019-10-04,37373.258
32433,10:22:53.258000,BUY,9.86,100,37373258,2019-10-04,37373.258
32460,10:22:53.259000,BUY,9.86,200,37373259,2019-10-04,37373.259
32477,10:22:53.259000,BUY,9.86,471,37373259,2019-10-04,37373.259
32481,10:22:53.259000,BUY,9.86,229,37373259,2019-10-04,37373.259
32483,10:22:53.259000,BUY,9.86,100,37373259,2019-10-04,37373.259
32488,10:22:53.259000,BUY,9.86,100,37373259,2019-10-04,37373.259
32507,10:22:53.259000,BUY,9.86,1,37373259,2019-10-04,37373.259
32509,10:22:53.259000,BUY,9.86,99,37373259,2019-10-04,37373.259
32518,10:22:53.259000,BUY,9.86,99,37373259,2019-10-04,37373.259
32521,10:22:53.260000,BUY,9.86,96,37373260,2019-10-04,37373.26
32527,10:22:53.260000,BUY,9.86,3,37373260,2019-10-04,37373.26
32531,10:22:53.260000,BUY,9.86,1,37373260,2019-10-04,37373.26
32745,10:22:57.459000,BUY,9.88,1100,37377459,2019-10-04,37377.459
32749,10:22:57.459000,BUY,9.88,200,37377459,2019-10-04,37377.459
32751,10:22:57.459000,BUY,9.88,100,37377459,2019-10-04,37377.459
32753,10:22:57.459000,BUY,9.88,200,37377459,2019-10-04,37377.459
32755,10:22:57.459000,BUY,9.88,200,37377459,2019-10-04,37377.459
32757,10:22:57.459000,BUY,9.88,200,37377459,2019-10-04,37377.459
32759,10:22:57.459000,BUY,9.88,800,37377459,2019-10-04,37377.459
32761,10:22:57.459000,BUY,9.88,500,37377459,2019-10-04,37377.459
32763,10:22:57.459000,BUY,9.88,300,37377459,2019-10-04,37377.459
32947,10:23:10.166000,BUY,9.88,200,37390166,2019-10-04,37390.166
32976,10:23:10.167000,BUY,9.88,101,37390167,2019-10-04,37390.167
32988,10:23:10.167000,BUY,9.88,99,37390167,2019-10-04,37390.167
32996,10:23:10.167000,BUY,9.88,100,37390167,2019-10-04,37390.167
33037,10:23:10.177000,SELL,9.88,1300,37390177,2019-10-04,37390.177
33041,10:23:10.177000,SELL,9.88,100,37390177,2019-10-04,37390.177
33043,10:23:10.177000,SELL,9.88,100,37390177,2019-10-04,37390.177
33045,10:23:10.177000,SELL,9.88,100,37390177,2019-10-04,37390.177
33047,10:23:10.177000,SELL,9.88,500,37390177,2019-10-04,37390.177
33049,10:23:10.177000,SELL,9.88,100,37390177,2019-10-04,37390.177
33299,10:23:30.597000,BUY,9.88,1400,37410597,2019-10-04,37410.597
33303,10:23:30.597000,BUY,9.88,100,37410597,2019-10-04,37410.597
33305,10:23:30.597000,BUY,9.88,100,37410597,2019-10-04,37410.597
33307,10:23:30.597000,BUY,9.88,500,37410597,2019-10-04,37410.597
33309,10:23:30.597000,BUY,9.88,1200,37410597,2019-10-04,37410.597
33409,10:23:30.601000,BUY,9.89,107,37410601,2019-10-04,37410.601
33420,10:23:30.601000,BUY,9.89,93,37410601,2019-10-04,37410.601
33425,10:23:30.601000,BUY,9.89,55,37410601,2019-10-04,37410.601
33431,10:23:30.601000,BUY,9.89,45,37410601,2019-10-04,37410.601
33433,10:23:30.601000,BUY,9.89,400,37410601,2019-10-04,37410.601
33435,10:23:30.601000,BUY,9.89,25,37410601,2019-10-04,37410.601
33439,10:23:30.601000,BUY,9.89,21,37410601,2019-10-04,37410.601
33442,10:23:30.601000,BUY,9.89,42,37410601,2019-10-04,37410.601
33451,10:23:30.601000,BUY,9.89,12,37410601,2019-10-04,37410.601
33464,10:23:30.601000,BUY,9.89,53,37410601,2019-10-04,37410.601
33470,10:23:30.601000,BUY,9.89,26,37410601,2019-10-04,37410.601
34019,10:24:43.994000,SELL,9.89,600,37483994,2019-10-04,37483.994
34023,10:24:43.994000,SELL,9.89,100,37483994,2019-10-04,37483.994
34025,10:24:43.994000,SELL,9.89,200,37483994,2019-10-04,37483.994
34027,10:24:43.994000,SELL,9.89,200,37483994,2019-10-04,37483.994
34029,10:24:43.994000,SELL,9.89,1,37483994,2019-10-04,37483.994
34280,10:24:57.676000,SELL,9.88,800,37497676,2019-10-04,37497.676
34284,10:24:57.676000,SELL,9.88,300,37497676,2019-10-04,37497.676
34286,10:24:57.676000,SELL,9.88,100,37497676,2019-10-04,37497.676
34288,10:24:57.676000,SELL,9.88,100,37497676,2019-10-04,37497.676
34290,10:24:57.676000,SELL,9.88,300,37497676,2019-10-04,37497.676
34292,10:24:57.676000,SELL,9.88,100,37497676,2019-10-04,37497.676
34294,10:24:57.676000,SELL,9.88,100,37497676,2019-10-04,37497.676
34296,10:24:57.676000,SELL,9.88,778,37497676,2019-10-04,37497.676
34334,10:24:57.676000,SELL,9.88,100,37497676,2019-10-04,37497.676
34340,10:24:57.676000,SELL,9.88,100,37497676,2019-10-04,37497.676
34342,10:24:57.676000,SELL,9.88,300,37497676,2019-10-04,37497.676
34350,10:24:57.676000,SELL,9.88,100,37497676,2019-10-04,37497.676
34358,10:24:57.676000,SELL,9.88,100,37497676,2019-10-04,37497.676
34366,10:24:57.676000,SELL,9.88,100,37497676,2019-10-04,37497.676
34483,10:24:59.021000,BUY,9.88,1600,37499021,2019-10-04,37499.021
34487,10:24:59.021000,BUY,9.88,100,37499021,2019-10-04,37499.021
34489,10:24:59.021000,BUY,9.88,600,37499021,2019-10-04,37499.021
34491,10:24:59.021000,BUY,9.88,100,37499021,2019-10-04,37499.021
34493,10:24:59.021000,BUY,9.88,100,37499021,2019-10-04,37499.021
34495,10:24:59.021000,BUY,9.88,300,37499021,2019-10-04,37499.021
34497,10:24:59.021000,BUY,9.88,100,37499021,2019-10-04,37499.021
34499,10:24:59.021000,BUY,9.88,29,37499021,2019-10-04,37499.021
34501,10:24:59.021000,BUY,9.88,100,37499021,2019-10-04,37499.021
34548,10:24:59.021000,BUY,9.88,294,37499021,2019-10-04,37499.021
34558,10:24:59.022000,BUY,9.88,206,37499022,2019-10-04,37499.022
34603,10:24:59.026000,SELL,9.88,1600,37499026,2019-10-04,37499.026
34607,10:24:59.026000,SELL,9.88,100,37499026,2019-10-04,37499.026
34609,10:24:59.026000,SELL,9.88,200,37499026,2019-10-04,37499.026
34611,10:24:59.026000,SELL,9.88,900,37499026,2019-10-04,37499.026
34745,10:25:07.850000,SELL,9.88,700,37507850,2019-10-04,37507.85
34749,10:25:07.850000,SELL,9.88,300,37507850,2019-10-04,37507.85
34831,10:25:07.856000,BUY,9.88,591,37507856,2019-10-04,37507.856
35985,10:27:16.737000,SELL,9.88,200,37636737,2019-10-04,37636.737
35989,10:27:16.737000,SELL,9.88,100,37636737,2019-10-04,37636.737
35991,10:27:16.737000,SELL,9.88,100,37636737,2019-10-04,37636.737
35993,10:27:16.737000,SELL,9.88,1,37636737,2019-10-04,37636.737
36383,10:27:57.364000,SELL,9.87,200,37677364,2019-10-04,37677.364
36387,10:27:57.364000,SELL,9.87,100,37677364,2019-10-04,37677.364
36678,10:28:12.081000,SELL,9.86,200,37692081,2019-10-04,37692.081
36682,10:28:12.081000,SELL,9.86,100,37692081,2019-10-04,37692.081
36684,10:28:12.081000,SELL,9.85,500,37692081,2019-10-04,37692.081
36686,10:28:12.081000,SELL,9.85,200,37692081,2019-10-04,37692.081
36688,10:28:12.081000,SELL,9.85,12,37692081,2019-10-04,37692.081
37170,10:29:14.357000,SELL,9.85,300,37754357,2019-10-04,37754.357
37174,10:29:14.357000,SELL,9.85,100,37754357,2019-10-04,37754.357
37176,10:29:14.357000,SELL,9.85,100,37754357,2019-10-04,37754.357
37178,10:29:14.357000,SELL,9.85,100,37754357,2019-10-04,37754.357
38392,10:31:29.038000,BUY,9.85,129,37889038,2019-10-04,37889.038
38396,10:31:29.038000,BUY,9.85,100,37889038,2019-10-04,37889.038
38429,10:31:29.038000,BUY,9.85,100,37889038,2019-10-04,37889.038
38456,10:31:29.323000,BUY,9.85,7,37889323,2019-10-04,37889.323
38467,10:31:29.406000,BUY,9.85,2,37889406,2019-10-04,37889.406
38473,10:31:29.406000,BUY,9.85,1,37889406,2019-10-04,37889.406
38487,10:31:30.502000,BUY,9.85,190,37890502,2019-10-04,37890.502
38491,10:31:30.502000,BUY,9.85,10,37890502,2019-10-04,37890.502
38501,10:31:30.503000,BUY,9.85,2,37890503,2019-10-04,37890.503
38513,10:31:30.951000,SELL,9.84,300,37890951,2019-10-04,37890.951
40122,10:35:30.288000,SELL,9.84,100,38130288,2019-10-04,38130.288
40124,10:35:30.288000,SELL,9.84,100,38130288,2019-10-04,38130.288
40126,10:35:30.288000,SELL,9.84,100,38130288,2019-10-04,38130.288
40128,10:35:30.288000,SELL,9.84,100,38130288,2019-10-04,38130.288
40130,10:35:30.288000,SELL,9.84,100,38130288,2019-10-04,38130.288
40132,10:35:30.288000,SELL,9.84,100,38130288,2019-10-04,38130.288
40134,10:35:30.288000,SELL,9.84,1,38130288,2019-10-04,38130.288
40136,10:35:30.288000,SELL,9.84,100,38130288,2019-10-04,38130.288
40220,10:35:30.289000,SELL,9.83,400,38130289,2019-10-04,38130.289
40227,10:35:30.289000,SELL,9.83,200,38130289,2019-10-04,38130.289
40235,10:35:30.289000,SELL,9.83,76,38130289,2019-10-04,38130.289
40243,10:35:30.289000,SELL,9.83,64,38130289,2019-10-04,38130.289
40250,10:35:30.289000,SELL,9.83,60,38130289,2019-10-04,38130.289
40252,10:35:30.289000,SELL,9.83,100,38130289,2019-10-04,38130.289
40254,10:35:30.289000,SELL,9.83,100,38130289,2019-10-04,38130.289
40256,10:35:30.289000,SELL,9.83,22,38130289,2019-10-04,38130.289
40296,10:35:30.290000,SELL,9.83,178,38130290,2019-10-04,38130.29
41022,10:37:03.925000,BUY,9.83,900,38223925,2019-10-04,38223.925
41026,10:37:03.925000,BUY,9.83,200,38223925,2019-10-04,38223.925
41028,10:37:03.925000,BUY,9.83,1,38223925,2019-10-04,38223.925
41030,10:37:03.925000,BUY,9.83,399,38223925,2019-10-04,38223.925
41034,10:37:03.925000,BUY,9.83,1,38223925,2019-10-04,38223.925
41036,10:37:03.925000,BUY,9.83,29,38223925,2019-10-04,38223.925
41235,10:37:21.504000,BUY,9.84,500,38241504,2019-10-04,38241.504
41239,10:37:21.504000,BUY,9.84,100,38241504,2019-10-04,38241.504
41241,10:37:21.504000,BUY,9.84,760,38241504,2019-10-04,38241.504
41267,10:37:21.504000,BUY,9.84,33,38241504,2019-10-04,38241.504
41272,10:37:21.504000,BUY,9.84,165,38241504,2019-10-04,38241.504
41274,10:37:21.504000,BUY,9.84,72,38241504,2019-10-04,38241.504
41280,10:37:21.504000,BUY,9.84,197,38241504,2019-10-04,38241.504
41738,10:38:12.537000,SELL,9.85,400,38292537,2019-10-04,38292.537
41284,10:37:21.505000,BUY,9.84,33,38241505,2019-10-04,38241.505
41742,10:38:12.537000,SELL,9.85,100,38292537,2019-10-04,38292.537
41744,10:38:12.537000,SELL,9.85,1,38292537,2019-10-04,38292.537
42565,10:40:26.599000,BUY,9.85,29,38426599,2019-10-04,38426.599
42667,10:40:27.666000,SELL,9.85,400,38427666,2019-10-04,38427.666
43152,10:41:52.804000,SELL,9.84,100,38512804,2019-10-04,38512.804
43154,10:41:52.804000,SELL,9.84,100,38512804,2019-10-04,38512.804
43156,10:41:52.804000,SELL,9.84,100,38512804,2019-10-04,38512.804
43158,10:41:52.804000,SELL,9.84,100,38512804,2019-10-04,38512.804
43160,10:41:52.804000,SELL,9.84,100,38512804,2019-10-04,38512.804
43162,10:41:52.804000,SELL,9.84,1,38512804,2019-10-04,38512.804
43164,10:41:52.804000,SELL,9.84,100,38512804,2019-10-04,38512.804
43166,10:41:52.804000,SELL,9.84,100,38512804,2019-10-04,38512.804
43388,10:42:01.640000,SELL,9.83,600,38521640,2019-10-04,38521.64
43392,10:42:01.640000,SELL,9.83,200,38521640,2019-10-04,38521.64
43394,10:42:01.640000,SELL,9.83,100,38521640,2019-10-04,38521.64
43396,10:42:01.640000,SELL,9.83,100,38521640,2019-10-04,38521.64
43508,10:42:01.894000,SELL,9.82,600,38521894,2019-10-04,38521.894
43512,10:42:01.894000,SELL,9.82,300,38521894,2019-10-04,38521.894
43514,10:42:01.894000,SELL,9.82,100,38521894,2019-10-04,38521.894
43516,10:42:01.894000,SELL,9.82,100,38521894,2019-10-04,38521.894
43518,10:42:01.894000,SELL,9.82,100,38521894,2019-10-04,38521.894
43520,10:42:01.894000,SELL,9.82,100,38521894,2019-10-04,38521.894
43522,10:42:01.894000,SELL,9.82,100,38521894,2019-10-04,38521.894
43524,10:42:01.894000,SELL,9.82,100,38521894,2019-10-04,38521.894
43526,10:42:01.894000,SELL,9.82,200,38521894,2019-10-04,38521.894
43663,10:42:05.028000,BUY,9.82,300,38525028,2019-10-04,38525.028
43667,10:42:05.028000,BUY,9.82,400,38525028,2019-10-04,38525.028
43669,10:42:05.028000,BUY,9.82,800,38525028,2019-10-04,38525.028
43671,10:42:05.028000,BUY,9.82,1000,38525028,2019-10-04,38525.028
43673,10:42:05.028000,BUY,9.82,29,38525028,2019-10-04,38525.028
43924,10:42:27.267000,SELL,9.82,364,38547267,2019-10-04,38547.267
45370,10:46:50.330000,SELL,9.82,124,38810330,2019-10-04,38810.33
45377,10:46:50.330000,SELL,9.82,76,38810330,2019-10-04,38810.33
45379,10:46:50.330000,SELL,9.82,77,38810330,2019-10-04,38810.33
45388,10:46:50.330000,SELL,9.82,23,38810330,2019-10-04,38810.33
45390,10:46:50.330000,SELL,9.82,100,38810330,2019-10-04,38810.33
45392,10:46:50.330000,SELL,9.82,1,38810330,2019-10-04,38810.33
46150,10:50:13.577000,BUY,9.82,150,39013577,2019-10-04,39013.577
46155,10:50:13.577000,BUY,9.82,212,39013577,2019-10-04,39013.577
46159,10:50:13.577000,BUY,9.82,94,39013577,2019-10-04,39013.577
46163,10:50:13.577000,BUY,9.82,266,39013577,2019-10-04,39013.577
46176,10:50:13.577000,BUY,9.82,2378,39013577,2019-10-04,39013.577
46178,10:50:13.577000,BUY,9.82,600,39013577,2019-10-04,39013.577
46180,10:50:13.577000,BUY,9.82,700,39013577,2019-10-04,39013.577
46182,10:50:13.577000,BUY,9.82,29,39013577,2019-10-04,39013.577
46208,10:50:13.577000,BUY,9.82,2000,39013577,2019-10-04,39013.577
46212,10:50:13.577000,BUY,9.82,1,39013577,2019-10-04,39013.577
46214,10:50:13.577000,BUY,9.82,399,39013577,2019-10-04,39013.577
46216,10:50:13.577000,BUY,9.82,100,39013577,2019-10-04,39013.577
46320,10:50:13.580000,SELL,9.82,600,39013580,2019-10-04,39013.58
46329,10:50:13.580000,SELL,9.82,100,39013580,2019-10-04,39013.58
46331,10:50:13.580000,SELL,9.82,823,39013580,2019-10-04,39013.58
46337,10:50:13.580000,SELL,9.82,720,39013580,2019-10-04,39013.58
46354,10:50:13.587000,SELL,9.82,200,39013587,2019-10-04,39013.587
46366,10:50:13.587000,SELL,9.82,57,39013587,2019-10-04,39013.587
46368,10:50:13.587000,SELL,9.82,47,39013587,2019-10-04,39013.587
46374,10:50:13.587000,SELL,9.82,28,39013587,2019-10-04,39013.587
46377,10:50:13.587000,SELL,9.82,75,39013587,2019-10-04,39013.587
46379,10:50:13.587000,SELL,9.82,101,39013587,2019-10-04,39013.587
46390,10:50:13.588000,SELL,9.82,400,39013588,2019-10-04,39013.588
46418,10:50:13.599000,SELL,9.82,97,39013599,2019-10-04,39013.599
46433,10:50:13.606000,SELL,9.82,100,39013606,2019-10-04,39013.606
46463,10:50:13.794000,SELL,9.82,321,39013794,2019-10-04,39013.794
46471,10:50:13.794000,SELL,9.82,98,39013794,2019-10-04,39013.794
46475,10:50:13.794000,SELL,9.82,37,39013794,2019-10-04,39013.794
46478,10:50:13.794000,SELL,9.82,96,39013794,2019-10-04,39013.794
46511,10:50:13.797000,SELL,9.81,500,39013797,2019-10-04,39013.797
46515,10:50:13.797000,SELL,9.81,200,39013797,2019-10-04,39013.797
46517,10:50:13.797000,SELL,9.81,1,39013797,2019-10-04,39013.797
46519,10:50:13.797000,SELL,9.81,300,39013797,2019-10-04,39013.797
46521,10:50:13.797000,SELL,9.81,100,39013797,2019-10-04,39013.797
46523,10:50:13.797000,SELL,9.81,200,39013797,2019-10-04,39013.797
46525,10:50:13.797000,SELL,9.81,300,39013797,2019-10-04,39013.797
46527,10:50:13.797000,SELL,9.81,100,39013797,2019-10-04,39013.797
46529,10:50:13.797000,SELL,9.81,100,39013797,2019-10-04,39013.797
46531,10:50:13.797000,SELL,9.81,200,39013797,2019-10-04,39013.797
46533,10:50:13.797000,SELL,9.81,100,39013797,2019-10-04,39013.797
46535,10:50:13.797000,SELL,9.81,1400,39013797,2019-10-04,39013.797
46537,10:50:13.797000,SELL,9.81,100,39013797,2019-10-04,39013.797
46564,10:50:13.798000,SELL,9.81,143,39013798,2019-10-04,39013.798
46675,10:50:18.274000,BUY,9.81,300,39018274,2019-10-04,39018.274
46679,10:50:18.274000,BUY,9.81,600,39018274,2019-10-04,39018.274
46681,10:50:18.274000,BUY,9.81,600,39018274,2019-10-04,39018.274
46820,10:50:22.215000,BUY,9.82,300,39022215,2019-10-04,39022.215
46862,10:50:22.219000,BUY,9.82,1100,39022219,2019-10-04,39022.219
48056,10:53:30.646000,BUY,9.82,400,39210646,2019-10-04,39210.646
48058,10:53:30.646000,BUY,9.82,200,39210646,2019-10-04,39210.646
48060,10:53:30.646000,BUY,9.82,100,39210646,2019-10-04,39210.646
48062,10:53:30.646000,BUY,9.82,29,39210646,2019-10-04,39210.646
48221,10:53:36.150000,BUY,9.83,200,39216150,2019-10-04,39216.15
48776,10:54:22.720000,BUY,9.85,600,39262720,2019-10-04,39262.72
48780,10:54:22.720000,BUY,9.85,46,39262720,2019-10-04,39262.72
48851,10:54:24.622000,BUY,9.85,200,39264622,2019-10-04,39264.622
48855,10:54:24.622000,BUY,9.85,300,39264622,2019-10-04,39264.622
48863,10:54:24.622000,BUY,9.85,47,39264622,2019-10-04,39264.622
48865,10:54:24.622000,BUY,9.85,53,39264622,2019-10-04,39264.622
49157,10:54:47.567000,BUY,9.86,501,39287567,2019-10-04,39287.567
49534,10:55:34.569000,BUY,9.87,200,39334569,2019-10-04,39334.569
49543,10:55:34.569000,BUY,9.87,29,39334569,2019-10-04,39334.569
49545,10:55:34.569000,BUY,9.87,183,39334569,2019-10-04,39334.569
49886,10:56:57.035000,SELL,9.86,600,39417035,2019-10-04,39417.035
49556,10:55:34.570000,BUY,9.87,1,39334570,2019-10-04,39334.57
49890,10:56:57.035000,SELL,9.86,100,39417035,2019-10-04,39417.035
49892,10:56:57.035000,SELL,9.86,1,39417035,2019-10-04,39417.035
49894,10:56:57.035000,SELL,9.86,100,39417035,2019-10-04,39417.035
50154,10:57:08.265000,SELL,9.85,500,39428265,2019-10-04,39428.265
50158,10:57:08.265000,SELL,9.85,100,39428265,2019-10-04,39428.265
50635,10:58:15.671000,BUY,9.85,300,39495671,2019-10-04,39495.671
50639,10:58:15.671000,BUY,9.85,500,39495671,2019-10-04,39495.671
50641,10:58:15.671000,BUY,9.85,29,39495671,2019-10-04,39495.671
50957,10:59:17.769000,SELL,9.85,501,39557769,2019-10-04,39557.769
50961,10:59:17.769000,SELL,9.85,300,39557769,2019-10-04,39557.769
50963,10:59:17.769000,SELL,9.85,79,39557769,2019-10-04,39557.769
50966,10:59:17.769000,SELL,9.85,21,39557769,2019-10-04,39557.769
50968,10:59:17.769000,SELL,9.85,100,39557769,2019-10-04,39557.769
51292,10:59:56.017000,SELL,9.84,500,39596017,2019-10-04,39596.017
51296,10:59:56.017000,SELL,9.84,100,39596017,2019-10-04,39596.017
51298,10:59:56.017000,SELL,9.84,100,39596017,2019-10-04,39596.017
51300,10:59:56.017000,SELL,9.84,100,39596017,2019-10-04,39596.017
51466,11:00:00.079000,BUY,9.84,44,39600079,2019-10-04,39600.079
51617,11:00:07.475000,SELL,9.83,400,39607475,2019-10-04,39607.475
51621,11:00:07.475000,SELL,9.83,100,39607475,2019-10-04,39607.475
51623,11:00:07.475000,SELL,9.83,100,39607475,2019-10-04,39607.475
51625,11:00:07.475000,SELL,9.83,100,39607475,2019-10-04,39607.475
51870,11:00:13.201000,BUY,9.83,351,39613201,2019-10-04,39613.201
51882,11:00:13.201000,BUY,9.83,32,39613201,2019-10-04,39613.201
51884,11:00:13.201000,BUY,9.83,29,39613201,2019-10-04,39613.201
51886,11:00:13.201000,BUY,9.83,13,39613201,2019-10-04,39613.201
51892,11:00:13.201000,BUY,9.83,87,39613201,2019-10-04,39613.201
51894,11:00:13.201000,BUY,9.83,54,39613201,2019-10-04,39613.201
52136,11:00:17.744000,BUY,9.83,656,39617744,2019-10-04,39617.744
52506,11:00:46.869000,BUY,9.84,44,39646869,2019-10-04,39646.869
52508,11:00:46.869000,BUY,9.84,200,39646869,2019-10-04,39646.869
53060,11:01:42.504000,SELL,9.84,100,39702504,2019-10-04,39702.504
52524,11:00:46.871000,BUY,9.84,100,39646871,2019-10-04,39646.871
53082,11:01:42.505000,SELL,9.84,201,39702505,2019-10-04,39702.505
53086,11:01:42.505000,SELL,9.84,100,39702505,2019-10-04,39702.505
53358,11:02:08.200000,BUY,9.84,500,39728200,2019-10-04,39728.2
53362,11:02:08.200000,BUY,9.84,29,39728200,2019-10-04,39728.2
53364,11:02:08.200000,BUY,9.84,71,39728200,2019-10-04,39728.2
53378,11:02:08.200000,BUY,9.84,29,39728200,2019-10-04,39728.2
53582,11:02:14.305000,SELL,9.84,730,39734305,2019-10-04,39734.305
53553,11:02:13.917000,BUY,9.85,100,39733917,2019-10-04,39733.917
53764,11:02:26.237000,SELL,9.83,200,39746237,2019-10-04,39746.237
53768,11:02:26.237000,SELL,9.83,100,39746237,2019-10-04,39746.237
53770,11:02:26.237000,SELL,9.83,100,39746237,2019-10-04,39746.237
54194,11:03:00.011000,SELL,9.82,229,39780011,2019-10-04,39780.011
54065,11:02:46.537000,BUY,9.83,100,39766537,2019-10-04,39766.537
54342,11:03:12.902000,SELL,9.83,400,39792902,2019-10-04,39792.902
54344,11:03:12.902000,SELL,9.83,100,39792902,2019-10-04,39792.902
54346,11:03:12.902000,SELL,9.83,300,39792902,2019-10-04,39792.902
54348,11:03:12.902000,SELL,9.83,100,39792902,2019-10-04,39792.902
54481,11:03:16.190000,BUY,9.83,800,39796190,2019-10-04,39796.19
54918,11:04:02.231000,BUY,9.85,482,39842231,2019-10-04,39842.231
55536,11:05:27.605000,SELL,9.86,500,39927605,2019-10-04,39927.605
55540,11:05:27.605000,SELL,9.86,150,39927605,2019-10-04,39927.605
55821,11:06:03.408000,BUY,9.86,504,39963408,2019-10-04,39963.408
55825,11:06:03.408000,BUY,9.86,28,39963408,2019-10-04,39963.408
57122,11:09:57.028000,SELL,9.86,300,40197028,2019-10-04,40197.028
57126,11:09:57.028000,SELL,9.86,100,40197028,2019-10-04,40197.028
57128,11:09:57.028000,SELL,9.86,800,40197028,2019-10-04,40197.028
57130,11:09:57.028000,SELL,9.86,100,40197028,2019-10-04,40197.028
57132,11:09:57.028000,SELL,9.86,100,40197028,2019-10-04,40197.028
57134,11:09:57.028000,SELL,9.86,1,40197028,2019-10-04,40197.028
57136,11:09:57.028000,SELL,9.86,100,40197028,2019-10-04,40197.028
57138,11:09:57.028000,SELL,9.86,100,40197028,2019-10-04,40197.028
57257,11:09:57.329000,BUY,9.86,600,40197329,2019-10-04,40197.329
57614,11:10:57.988000,BUY,9.86,100,40257988,2019-10-04,40257.988
57863,11:11:37.294000,SELL,9.85,300,40297294,2019-10-04,40297.294
57867,11:11:37.294000,SELL,9.85,100,40297294,2019-10-04,40297.294
57869,11:11:37.294000,SELL,9.85,200,40297294,2019-10-04,40297.294
57871,11:11:37.294000,SELL,9.85,300,40297294,2019-10-04,40297.294
57873,11:11:37.294000,SELL,9.85,100,40297294,2019-10-04,40297.294
57875,11:11:37.294000,SELL,9.85,100,40297294,2019-10-04,40297.294
57919,11:11:37.294000,SELL,9.85,100,40297294,2019-10-04,40297.294
57921,11:11:37.294000,SELL,9.85,100,40297294,2019-10-04,40297.294
58401,11:13:54.693000,BUY,9.85,400,40434693,2019-10-04,40434.693
58405,11:13:54.693000,BUY,9.85,500,40434693,2019-10-04,40434.693
58934,11:15:08.209000,BUY,9.86,227,40508209,2019-10-04,40508.209
58945,11:15:08.209000,BUY,9.86,110,40508209,2019-10-04,40508.209
59253,11:16:22.174000,SELL,9.86,101,40582174,2019-10-04,40582.174
59257,11:16:22.174000,SELL,9.86,235,40582174,2019-10-04,40582.174
59287,11:16:22.175000,SELL,9.86,82,40582175,2019-10-04,40582.175
59309,11:16:22.180000,SELL,9.86,283,40582180,2019-10-04,40582.18
59408,11:17:02.504000,SELL,9.86,100,40622504,2019-10-04,40622.504
59410,11:17:02.504000,SELL,9.86,400,40622504,2019-10-04,40622.504
59412,11:17:02.504000,SELL,9.86,100,40622504,2019-10-04,40622.504
59614,11:17:18.418000,BUY,9.86,200,40638418,2019-10-04,40638.418
59644,11:17:18.418000,BUY,9.86,300,40638418,2019-10-04,40638.418
60413,11:19:48.948000,SELL,9.86,200,40788948,2019-10-04,40788.948
59730,11:17:18.822000,BUY,9.87,1201,40638822,2019-10-04,40638.822
60417,11:19:48.948000,SELL,9.86,100,40788948,2019-10-04,40788.948
60419,11:19:48.948000,SELL,9.86,100,40788948,2019-10-04,40788.948
60421,11:19:48.948000,SELL,9.86,100,40788948,2019-10-04,40788.948
60423,11:19:48.948000,SELL,9.86,51,40788948,2019-10-04,40788.948
60442,11:19:48.949000,SELL,9.86,149,40788949,2019-10-04,40788.949
60898,11:21:15.051000,SELL,9.85,300,40875051,2019-10-04,40875.051
60902,11:21:15.051000,SELL,9.85,1,40875051,2019-10-04,40875.051
60904,11:21:15.051000,SELL,9.85,100,40875051,2019-10-04,40875.051
60906,11:21:15.051000,SELL,9.85,100,40875051,2019-10-04,40875.051
61644,11:24:08.138000,SELL,9.84,4,41048138,2019-10-04,41048.138
62261,11:26:29.154000,BUY,9.85,400,41189154,2019-10-04,41189.154
62265,11:26:29.154000,BUY,9.85,300,41189154,2019-10-04,41189.154
62267,11:26:29.154000,BUY,9.85,100,41189154,2019-10-04,41189.154
62269,11:26:29.154000,BUY,9.85,24,41189154,2019-10-04,41189.154
62271,11:26:29.154000,BUY,9.85,100,41189154,2019-10-04,41189.154
62273,11:26:29.154000,BUY,9.85,200,41189154,2019-10-04,41189.154
62275,11:26:29.154000,BUY,9.85,300,41189154,2019-10-04,41189.154
62951,11:28:26.804000,BUY,9.86,715,41306804,2019-10-04,41306.804
62955,11:28:26.804000,BUY,9.86,100,41306804,2019-10-04,41306.804
62957,11:28:26.804000,BUY,9.86,600,41306804,2019-10-04,41306.804
62959,11:28:26.804000,BUY,9.86,156,41306804,2019-10-04,41306.804
62961,11:28:26.804000,BUY,9.86,24,41306804,2019-10-04,41306.804
62963,11:28:26.804000,BUY,9.86,300,41306804,2019-10-04,41306.804
62965,11:28:26.804000,BUY,9.86,100,41306804,2019-10-04,41306.804
63134,11:28:34.146000,BUY,9.87,102,41314146,2019-10-04,41314.146
63376,11:29:05.711000,BUY,9.88,200,41345711,2019-10-04,41345.711
63380,11:29:05.711000,BUY,9.88,100,41345711,2019-10-04,41345.711
63382,11:29:05.711000,BUY,9.88,200,41345711,2019-10-04,41345.711
63384,11:29:05.711000,BUY,9.88,300,41345711,2019-10-04,41345.711
63386,11:29:05.711000,BUY,9.88,100,41345711,2019-10-04,41345.711
63388,11:29:05.711000,BUY,9.88,300,41345711,2019-10-04,41345.711
63390,11:29:05.711000,BUY,9.88,100,41345711,2019-10-04,41345.711
63392,11:29:05.711000,BUY,9.88,100,41345711,2019-10-04,41345.711
63394,11:29:05.711000,BUY,9.88,2200,41345711,2019-10-04,41345.711
63396,11:29:05.711000,BUY,9.88,100,41345711,2019-10-04,41345.711
63725,11:29:12.098000,SELL,9.88,400,41352098,2019-10-04,41352.098
63445,11:29:05.714000,BUY,9.88,123,41345714,2019-10-04,41345.714
64137,11:29:32.523000,SELL,9.9,64,41372523,2019-10-04,41372.523
64312,11:29:49.397000,SELL,9.9,200,41389397,2019-10-04,41389.397
64316,11:29:49.397000,SELL,9.9,100,41389397,2019-10-04,41389.397
64318,11:29:49.397000,SELL,9.9,400,41389397,2019-10-04,41389.397
64320,11:29:49.397000,SELL,9.9,1,41389397,2019-10-04,41389.397
64322,11:29:49.397000,SELL,9.9,400,41389397,2019-10-04,41389.397
64324,11:29:49.397000,SELL,9.9,100,41389397,2019-10-04,41389.397
64326,11:29:49.397000,SELL,9.9,200,41389397,2019-10-04,41389.397
64351,11:29:49.398000,SELL,9.9,200,41389398,2019-10-04,41389.398
64368,11:29:49.398000,SELL,9.9,200,41389398,2019-10-04,41389.398
64604,11:30:17.183000,BUY,9.9,1400,41417183,2019-10-04,41417.183
64608,11:30:17.183000,BUY,9.9,100,41417183,2019-10-04,41417.183
66193,11:34:46.275000,SELL,9.9,300,41686275,2019-10-04,41686.275
66094,11:34:45.455000,BUY,9.91,100,41685455,2019-10-04,41685.455
66304,11:34:55.325000,SELL,9.9,300,41695325,2019-10-04,41695.325
66308,11:34:55.325000,SELL,9.9,100,41695325,2019-10-04,41695.325
66310,11:34:55.325000,SELL,9.9,100,41695325,2019-10-04,41695.325
66312,11:34:55.325000,SELL,9.9,100,41695325,2019-10-04,41695.325
66314,11:34:55.325000,SELL,9.9,100,41695325,2019-10-04,41695.325
66316,11:34:55.325000,SELL,9.9,100,41695325,2019-10-04,41695.325
66318,11:34:55.325000,SELL,9.9,100,41695325,2019-10-04,41695.325
66320,11:34:55.325000,SELL,9.9,1,41695325,2019-10-04,41695.325
66322,11:34:55.325000,SELL,9.9,800,41695325,2019-10-04,41695.325
66324,11:34:55.325000,SELL,9.9,100,41695325,2019-10-04,41695.325
66578,11:35:09.452000,SELL,9.89,600,41709452,2019-10-04,41709.452
66593,11:35:09.453000,SELL,9.89,100,41709453,2019-10-04,41709.453
66595,11:35:09.453000,SELL,9.89,100,41709453,2019-10-04,41709.453
66597,11:35:09.453000,SELL,9.89,200,41709453,2019-10-04,41709.453
66619,11:35:09.453000,SELL,9.89,100,41709453,2019-10-04,41709.453
66950,11:35:42.882000,SELL,9.88,400,41742882,2019-10-04,41742.882
66954,11:35:42.882000,SELL,9.88,100,41742882,2019-10-04,41742.882
66956,11:35:42.882000,SELL,9.88,44,41742882,2019-10-04,41742.882
67881,11:40:10.888000,BUY,9.88,1400,42010888,2019-10-04,42010.888
67885,11:40:10.888000,BUY,9.88,700,42010888,2019-10-04,42010.888
67887,11:40:10.888000,BUY,9.88,23,42010888,2019-10-04,42010.888
67914,11:40:10.889000,BUY,9.88,105,42010889,2019-10-04,42010.889
68105,11:40:13.461000,BUY,9.89,200,42013461,2019-10-04,42013.461
68501,11:41:47.949000,BUY,9.89,100,42107949,2019-10-04,42107.949
68536,11:41:52.845000,BUY,9.89,100,42112845,2019-10-04,42112.845
68630,11:42:13.528000,SELL,9.88,300,42133528,2019-10-04,42133.528
68634,11:42:13.528000,SELL,9.88,100,42133528,2019-10-04,42133.528
68636,11:42:13.528000,SELL,9.88,1,42133528,2019-10-04,42133.528
68638,11:42:13.528000,SELL,9.88,300,42133528,2019-10-04,42133.528
68640,11:42:13.528000,SELL,9.88,100,42133528,2019-10-04,42133.528
68642,11:42:13.528000,SELL,9.88,100,42133528,2019-10-04,42133.528
68644,11:42:13.528000,SELL,9.88,100,42133528,2019-10-04,42133.528
68673,11:42:13.528000,SELL,9.88,93,42133528,2019-10-04,42133.528
68675,11:42:13.529000,SELL,9.88,100,42133529,2019-10-04,42133.529
68680,11:42:13.529000,SELL,9.88,7,42133529,2019-10-04,42133.529
68698,11:42:13.529000,SELL,9.88,100,42133529,2019-10-04,42133.529
68801,11:42:14.029000,BUY,9.88,700,42134029,2019-10-04,42134.029
69757,11:45:49.679000,SELL,9.88,400,42349679,2019-10-04,42349.679
69761,11:45:49.679000,SELL,9.88,1,42349679,2019-10-04,42349.679
69763,11:45:49.679000,SELL,9.88,100,42349679,2019-10-04,42349.679
70392,11:48:38.913000,BUY,9.88,800,42518913,2019-10-04,42518.913
70396,11:48:38.913000,BUY,9.88,100,42518913,2019-10-04,42518.913
70431,11:48:38.920000,BUY,9.88,524,42518920,2019-10-04,42518.92
71151,11:52:11.927000,BUY,9.89,700,42731927,2019-10-04,42731.927
71155,11:52:11.927000,BUY,9.89,24,42731927,2019-10-04,42731.927
71176,11:52:11.927000,BUY,9.89,1,42731927,2019-10-04,42731.927
71183,11:52:11.927000,BUY,9.89,99,42731927,2019-10-04,42731.927
71185,11:52:11.927000,BUY,9.89,200,42731927,2019-10-04,42731.927
71187,11:52:11.927000,BUY,9.89,100,42731927,2019-10-04,42731.927
71291,11:52:14.083000,SELL,9.89,800,42734083,2019-10-04,42734.083
71306,11:52:14.083000,SELL,9.89,1,42734083,2019-10-04,42734.083
71696,11:53:39.023000,SELL,9.88,400,42819023,2019-10-04,42819.023
71700,11:53:39.023000,SELL,9.88,300,42819023,2019-10-04,42819.023
71702,11:53:39.023000,SELL,9.88,100,42819023,2019-10-04,42819.023
71704,11:53:39.023000,SELL,9.88,200,42819023,2019-10-04,42819.023
71706,11:53:39.023000,SELL,9.88,100,42819023,2019-10-04,42819.023
71708,11:53:39.023000,SELL,9.88,100,42819023,2019-10-04,42819.023
71710,11:53:39.023000,SELL,9.88,80,42819023,2019-10-04,42819.023
71719,11:53:39.023000,SELL,9.88,20,42819023,2019-10-04,42819.023
71721,11:53:39.023000,SELL,9.88,100,42819023,2019-10-04,42819.023
71723,11:53:39.023000,SELL,9.88,100,42819023,2019-10-04,42819.023
72041,11:54:34.638000,BUY,9.88,300,42874638,2019-10-04,42874.638
72045,11:54:34.638000,BUY,9.88,100,42874638,2019-10-04,42874.638
72047,11:54:34.638000,BUY,9.88,24,42874638,2019-10-04,42874.638
72328,11:55:42.167000,BUY,9.89,124,42942167,2019-10-04,42942.167
72576,11:56:11.095000,SELL,9.89,101,42971095,2019-10-04,42971.095
72580,11:56:11.095000,SELL,9.89,100,42971095,2019-10-04,42971.095
72582,11:56:11.095000,SELL,9.89,348,42971095,2019-10-04,42971.095
72587,11:56:11.095000,SELL,9.89,52,42971095,2019-10-04,42971.095
73957,12:02:07.734000,BUY,9.89,400,43327734,2019-10-04,43327.734
73961,12:02:07.734000,BUY,9.89,500,43327734,2019-10-04,43327.734
73963,12:02:07.734000,BUY,9.89,24,43327734,2019-10-04,43327.734
74281,12:03:29.195000,BUY,9.9,500,43409195,2019-10-04,43409.195
74734,12:04:39.624000,BUY,9.9,100,43479624,2019-10-04,43479.624
74736,12:04:39.624000,BUY,9.9,24,43479624,2019-10-04,43479.624
75155,12:06:13.540000,BUY,9.91,200,43573540,2019-10-04,43573.54
75174,12:06:13.540000,BUY,9.91,1,43573540,2019-10-04,43573.54
75177,12:06:13.540000,BUY,9.91,1,43573540,2019-10-04,43573.54
75180,12:06:13.540000,BUY,9.91,22,43573540,2019-10-04,43573.54
75182,12:06:13.540000,BUY,9.91,100,43573540,2019-10-04,43573.54
75523,12:07:13.586000,BUY,9.92,300,43633586,2019-10-04,43633.586
75607,12:07:39.093000,BUY,9.92,1,43659093,2019-10-04,43659.093
75609,12:07:39.093000,BUY,9.92,1,43659093,2019-10-04,43659.093
75621,12:07:39.095000,BUY,9.92,200,43659095,2019-10-04,43659.095
76004,12:08:36.866000,BUY,9.93,200,43716866,2019-10-04,43716.866
76244,12:08:45.781000,SELL,9.93,995,43725781,2019-10-04,43725.781
76082,12:08:45.012000,BUY,9.93,100,43725012,2019-10-04,43725.012
76248,12:08:45.781000,SELL,9.93,100,43725781,2019-10-04,43725.781
76250,12:08:45.781000,SELL,9.93,100,43725781,2019-10-04,43725.781
76606,12:09:57.424000,SELL,9.92,600,43797424,2019-10-04,43797.424
76333,12:08:45.782000,BUY,9.93,40,43725782,2019-10-04,43725.782
76610,12:09:57.424000,SELL,9.92,400,43797424,2019-10-04,43797.424
76612,12:09:57.424000,SELL,9.92,1100,43797424,2019-10-04,43797.424
76614,12:09:57.424000,SELL,9.92,100,43797424,2019-10-04,43797.424
76616,12:09:57.424000,SELL,9.92,100,43797424,2019-10-04,43797.424
76618,12:09:57.424000,SELL,9.92,100,43797424,2019-10-04,43797.424
76620,12:09:57.424000,SELL,9.92,700,43797424,2019-10-04,43797.424
76622,12:09:57.424000,SELL,9.92,100,43797424,2019-10-04,43797.424
76624,12:09:57.424000,SELL,9.92,100,43797424,2019-10-04,43797.424
76626,12:09:57.424000,SELL,9.92,100,43797424,2019-10-04,43797.424
76628,12:09:57.424000,SELL,9.92,100,43797424,2019-10-04,43797.424
76630,12:09:57.424000,SELL,9.92,100,43797424,2019-10-04,43797.424
76632,12:09:57.424000,SELL,9.92,100,43797424,2019-10-04,43797.424
76634,12:09:57.424000,SELL,9.92,100,43797424,2019-10-04,43797.424
76636,12:09:57.424000,SELL,9.92,100,43797424,2019-10-04,43797.424
76846,12:10:13.075000,BUY,9.92,900,43813075,2019-10-04,43813.075
76850,12:10:13.075000,BUY,9.92,200,43813075,2019-10-04,43813.075
76852,12:10:13.075000,BUY,9.92,1300,43813075,2019-10-04,43813.075
76854,12:10:13.075000,BUY,9.92,500,43813075,2019-10-04,43813.075
76856,12:10:13.075000,BUY,9.92,200,43813075,2019-10-04,43813.075
76858,12:10:13.075000,BUY,9.92,100,43813075,2019-10-04,43813.075
76981,12:10:18.096000,BUY,9.92,300,43818096,2019-10-04,43818.096
77086,12:11:11.087000,BUY,9.92,100,43871087,2019-10-04,43871.087
77254,12:11:27.380000,SELL,9.92,900,43887380,2019-10-04,43887.38
77258,12:11:27.380000,SELL,9.92,1200,43887380,2019-10-04,43887.38
77260,12:11:27.380000,SELL,9.92,300,43887380,2019-10-04,43887.38
77262,12:11:27.380000,SELL,9.92,100,43887380,2019-10-04,43887.38
77264,12:11:27.380000,SELL,9.92,1,43887380,2019-10-04,43887.38
77266,12:11:27.380000,SELL,9.92,400,43887380,2019-10-04,43887.38
77268,12:11:27.380000,SELL,9.92,200,43887380,2019-10-04,43887.38
77270,12:11:27.380000,SELL,9.92,100,43887380,2019-10-04,43887.38
77323,12:11:27.380000,SELL,9.92,100,43887380,2019-10-04,43887.38
77325,12:11:27.380000,SELL,9.92,200,43887380,2019-10-04,43887.38
77878,12:14:45.821000,SELL,9.91,500,44085821,2019-10-04,44085.821
77667,12:12:40.695000,BUY,9.92,115,43960695,2019-10-04,43960.695
77920,12:14:46.767000,SELL,9.91,100,44086767,2019-10-04,44086.767
77922,12:14:46.767000,SELL,9.91,100,44086767,2019-10-04,44086.767
77924,12:14:46.767000,SELL,9.91,100,44086767,2019-10-04,44086.767
77926,12:14:46.767000,SELL,9.91,1,44086767,2019-10-04,44086.767
77928,12:14:46.767000,SELL,9.91,100,44086767,2019-10-04,44086.767
77930,12:14:46.767000,SELL,9.91,62,44086767,2019-10-04,44086.767
77974,12:14:46.767000,SELL,9.91,38,44086767,2019-10-04,44086.767
78651,12:18:22.155000,SELL,9.9,500,44302155,2019-10-04,44302.155
78655,12:18:22.155000,SELL,9.9,300,44302155,2019-10-04,44302.155
78657,12:18:22.155000,SELL,9.9,1,44302155,2019-10-04,44302.155
78659,12:18:22.155000,SELL,9.9,100,44302155,2019-10-04,44302.155
78661,12:18:22.155000,SELL,9.9,100,44302155,2019-10-04,44302.155
78663,12:18:22.155000,SELL,9.9,100,44302155,2019-10-04,44302.155
78665,12:18:22.155000,SELL,9.9,400,44302155,2019-10-04,44302.155
78667,12:18:22.155000,SELL,9.9,100,44302155,2019-10-04,44302.155
78669,12:18:22.155000,SELL,9.9,100,44302155,2019-10-04,44302.155
78709,12:18:22.156000,SELL,9.9,200,44302156,2019-10-04,44302.156
78716,12:18:22.156000,SELL,9.9,2,44302156,2019-10-04,44302.156
78719,12:18:22.156000,SELL,9.9,2,44302156,2019-10-04,44302.156
78722,12:18:22.156000,SELL,9.9,96,44302156,2019-10-04,44302.156
78811,12:18:22.456000,BUY,9.9,1201,44302456,2019-10-04,44302.456
78931,12:18:58.654000,BUY,9.9,200,44338654,2019-10-04,44338.654
78933,12:18:58.654000,BUY,9.9,200,44338654,2019-10-04,44338.654
79298,12:20:02.849000,BUY,9.91,500,44402849,2019-10-04,44402.849
79311,12:20:02.849000,BUY,9.91,100,44402849,2019-10-04,44402.849
79493,12:20:07.457000,SELL,9.91,50,44407457,2019-10-04,44407.457
79497,12:20:07.457000,SELL,9.91,1,44407457,2019-10-04,44407.457
79499,12:20:07.457000,SELL,9.91,100,44407457,2019-10-04,44407.457
79501,12:20:07.457000,SELL,9.91,1,44407457,2019-10-04,44407.457
79503,12:20:07.457000,SELL,9.91,200,44407457,2019-10-04,44407.457
79568,12:20:07.457000,BUY,9.91,2,44407457,2019-10-04,44407.457
79818,12:21:16.014000,BUY,9.91,900,44476014,2019-10-04,44476.014
80065,12:21:50.796000,BUY,9.92,400,44510796,2019-10-04,44510.796
80565,12:24:10.610000,BUY,9.92,1,44650610,2019-10-04,44650.61
80592,12:24:10.611000,BUY,9.92,199,44650611,2019-10-04,44650.611
80596,12:24:10.611000,BUY,9.92,600,44650611,2019-10-04,44650.611
80630,12:24:10.611000,SELL,9.92,300,44650611,2019-10-04,44650.611
80716,12:24:10.618000,SELL,9.92,99,44650618,2019-10-04,44650.618
80727,12:24:10.618000,SELL,9.92,84,44650618,2019-10-04,44650.618
80732,12:24:10.618000,SELL,9.92,17,44650618,2019-10-04,44650.618
80734,12:24:10.618000,SELL,9.92,105,44650618,2019-10-04,44650.618
80739,12:24:10.618000,SELL,9.92,67,44650618,2019-10-04,44650.618
80747,12:24:10.618000,SELL,9.92,91,44650618,2019-10-04,44650.618
80755,12:24:10.618000,SELL,9.92,86,44650618,2019-10-04,44650.618
80811,12:24:10.619000,SELL,9.92,900,44650619,2019-10-04,44650.619
80815,12:24:10.619000,SELL,9.92,200,44650619,2019-10-04,44650.619
81083,12:25:04.690000,SELL,9.91,400,44704690,2019-10-04,44704.69
81087,12:25:04.690000,SELL,9.91,100,44704690,2019-10-04,44704.69
81089,12:25:04.690000,SELL,9.91,100,44704690,2019-10-04,44704.69
81091,12:25:04.690000,SELL,9.91,100,44704690,2019-10-04,44704.69
81093,12:25:04.690000,SELL,9.91,100,44704690,2019-10-04,44704.69
81095,12:25:04.690000,SELL,9.91,100,44704690,2019-10-04,44704.69
81097,12:25:04.690000,SELL,9.91,100,44704690,2019-10-04,44704.69
81099,12:25:04.690000,SELL,9.91,100,44704690,2019-10-04,44704.69
81101,12:25:04.690000,SELL,9.91,100,44704690,2019-10-04,44704.69
81103,12:25:04.690000,SELL,9.91,100,44704690,2019-10-04,44704.69
81105,12:25:04.690000,SELL,9.91,1,44704690,2019-10-04,44704.69
81107,12:25:04.690000,SELL,9.91,400,44704690,2019-10-04,44704.69
81109,12:25:04.690000,SELL,9.91,100,44704690,2019-10-04,44704.69
81111,12:25:04.690000,SELL,9.91,200,44704690,2019-10-04,44704.69
81113,12:25:04.690000,SELL,9.91,200,44704690,2019-10-04,44704.69
81154,12:25:04.691000,SELL,9.91,300,44704691,2019-10-04,44704.691
81325,12:25:09.356000,SELL,9.9,1500,44709356,2019-10-04,44709.356
81329,12:25:09.356000,SELL,9.9,400,44709356,2019-10-04,44709.356
81331,12:25:09.356000,SELL,9.9,200,44709356,2019-10-04,44709.356
81333,12:25:09.356000,SELL,9.9,500,44709356,2019-10-04,44709.356
82347,12:30:29.300000,BUY,9.9,2400,45029300,2019-10-04,45029.3
83525,12:37:28.794000,BUY,9.9,172,45448794,2019-10-04,45448.794
83527,12:37:28.794000,BUY,9.9,400,45448794,2019-10-04,45448.794
83529,12:37:28.794000,BUY,9.9,300,45448794,2019-10-04,45448.794
83531,12:37:28.794000,BUY,9.9,100,45448794,2019-10-04,45448.794
83533,12:37:28.794000,BUY,9.9,100,45448794,2019-10-04,45448.794
83535,12:37:28.794000,BUY,9.9,379,45448794,2019-10-04,45448.794
84329,12:41:37.416000,SELL,9.9,1200,45697416,2019-10-04,45697.416
83839,12:38:40.534000,BUY,9.91,300,45520534,2019-10-04,45520.534
84333,12:41:37.416000,SELL,9.9,900,45697416,2019-10-04,45697.416
84335,12:41:37.416000,SELL,9.9,200,45697416,2019-10-04,45697.416
84337,12:41:37.416000,SELL,9.9,100,45697416,2019-10-04,45697.416
84339,12:41:37.416000,SELL,9.9,300,45697416,2019-10-04,45697.416
84341,12:41:37.416000,SELL,9.9,100,45697416,2019-10-04,45697.416
84343,12:41:37.416000,SELL,9.9,500,45697416,2019-10-04,45697.416
84345,12:41:37.416000,SELL,9.9,100,45697416,2019-10-04,45697.416
84347,12:41:37.416000,SELL,9.9,100,45697416,2019-10-04,45697.416
84349,12:41:37.416000,SELL,9.9,100,45697416,2019-10-04,45697.416
84351,12:41:37.416000,SELL,9.9,100,45697416,2019-10-04,45697.416
84353,12:41:37.416000,SELL,9.9,100,45697416,2019-10-04,45697.416
84355,12:41:37.416000,SELL,9.9,100,45697416,2019-10-04,45697.416
84357,12:41:37.416000,SELL,9.9,100,45697416,2019-10-04,45697.416
84359,12:41:37.416000,SELL,9.9,100,45697416,2019-10-04,45697.416
84361,12:41:37.416000,SELL,9.9,1,45697416,2019-10-04,45697.416
84363,12:41:37.416000,SELL,9.9,100,45697416,2019-10-04,45697.416
84365,12:41:37.416000,SELL,9.9,100,45697416,2019-10-04,45697.416
84367,12:41:37.416000,SELL,9.9,200,45697416,2019-10-04,45697.416
84646,12:41:48.190000,SELL,9.89,500,45708190,2019-10-04,45708.19
84650,12:41:48.190000,SELL,9.89,100,45708190,2019-10-04,45708.19
84652,12:41:48.190000,SELL,9.89,200,45708190,2019-10-04,45708.19
85014,12:43:29.836000,SELL,9.88,900,45809836,2019-10-04,45809.836
85018,12:43:29.836000,SELL,9.88,119,45809836,2019-10-04,45809.836
85108,12:43:58.860000,SELL,9.88,700,45838860,2019-10-04,45838.86
85112,12:43:58.860000,SELL,9.88,100,45838860,2019-10-04,45838.86
85114,12:43:58.860000,SELL,9.88,100,45838860,2019-10-04,45838.86
85116,12:43:58.860000,SELL,9.88,200,45838860,2019-10-04,45838.86
85118,12:43:58.860000,SELL,9.88,101,45838860,2019-10-04,45838.86
85758,12:47:06.978000,SELL,9.87,600,46026978,2019-10-04,46026.978
85762,12:47:06.978000,SELL,9.87,100,46026978,2019-10-04,46026.978
85764,12:47:06.978000,SELL,9.87,100,46026978,2019-10-04,46026.978
85766,12:47:06.978000,SELL,9.87,100,46026978,2019-10-04,46026.978
85768,12:47:06.978000,SELL,9.87,54,46026978,2019-10-04,46026.978
85770,12:47:06.978000,SELL,9.87,100,46026978,2019-10-04,46026.978
85772,12:47:06.978000,SELL,9.87,18,46026978,2019-10-04,46026.978
85774,12:47:06.978000,SELL,9.87,100,46026978,2019-10-04,46026.978
85776,12:47:06.978000,SELL,9.87,24,46026978,2019-10-04,46026.978
85778,12:47:06.978000,SELL,9.87,100,46026978,2019-10-04,46026.978
85780,12:47:06.978000,SELL,9.87,1,46026978,2019-10-04,46026.978
85782,12:47:06.978000,SELL,9.87,100,46026978,2019-10-04,46026.978
86486,12:51:52.533000,SELL,9.86,600,46312533,2019-10-04,46312.533
86490,12:51:52.533000,SELL,9.86,100,46312533,2019-10-04,46312.533
86492,12:51:52.533000,SELL,9.86,300,46312533,2019-10-04,46312.533
86494,12:51:52.533000,SELL,9.86,300,46312533,2019-10-04,46312.533
86496,12:51:52.533000,SELL,9.86,100,46312533,2019-10-04,46312.533
86498,12:51:52.533000,SELL,9.86,100,46312533,2019-10-04,46312.533
86500,12:51:52.533000,SELL,9.86,100,46312533,2019-10-04,46312.533
86502,12:51:52.533000,SELL,9.86,1,46312533,2019-10-04,46312.533
86504,12:51:52.533000,SELL,9.86,100,46312533,2019-10-04,46312.533
86506,12:51:52.533000,SELL,9.86,47,46312533,2019-10-04,46312.533
86508,12:51:52.533000,SELL,9.86,16,46312533,2019-10-04,46312.533
86510,12:51:52.533000,SELL,9.86,21,46312533,2019-10-04,46312.533
86544,12:51:52.533000,SELL,9.86,19,46312533,2019-10-04,46312.533
86546,12:51:52.533000,SELL,9.86,600,46312533,2019-10-04,46312.533
86557,12:51:52.533000,SELL,9.86,100,46312533,2019-10-04,46312.533
86559,12:51:52.533000,SELL,9.86,100,46312533,2019-10-04,46312.533
86677,12:52:00.051000,SELL,9.85,700,46320051,2019-10-04,46320.051
86681,12:52:00.051000,SELL,9.85,100,46320051,2019-10-04,46320.051
86683,12:52:00.051000,SELL,9.85,100,46320051,2019-10-04,46320.051
86685,12:52:00.051000,SELL,9.85,300,46320051,2019-10-04,46320.051
87372,12:56:15.163000,SELL,9.85,300,46575163,2019-10-04,46575.163
87214,12:55:07.772000,BUY,9.86,100,46507772,2019-10-04,46507.772
87376,12:56:15.163000,SELL,9.85,100,46575163,2019-10-04,46575.163
87378,12:56:15.163000,SELL,9.85,100,46575163,2019-10-04,46575.163
87380,12:56:15.163000,SELL,9.85,100,46575163,2019-10-04,46575.163
87382,12:56:15.163000,SELL,9.85,100,46575163,2019-10-04,46575.163
87384,12:56:15.163000,SELL,9.85,400,46575163,2019-10-04,46575.163
87386,12:56:15.163000,SELL,9.85,100,46575163,2019-10-04,46575.163
87388,12:56:15.163000,SELL,9.85,34,46575163,2019-10-04,46575.163
87390,12:56:15.163000,SELL,9.85,100,46575163,2019-10-04,46575.163
87392,12:56:15.163000,SELL,9.85,12,46575163,2019-10-04,46575.163
87394,12:56:15.163000,SELL,9.85,16,46575163,2019-10-04,46575.163
87396,12:56:15.163000,SELL,9.85,1,46575163,2019-10-04,46575.163
87398,12:56:15.163000,SELL,9.85,21,46575163,2019-10-04,46575.163
87400,12:56:15.163000,SELL,9.85,100,46575163,2019-10-04,46575.163
87467,12:56:15.173000,BUY,9.86,300,46575173,2019-10-04,46575.173
87921,12:58:21.239000,SELL,9.85,200,46701239,2019-10-04,46701.239
87477,12:56:15.187000,BUY,9.86,300,46575187,2019-10-04,46575.187
87925,12:58:21.239000,SELL,9.85,200,46701239,2019-10-04,46701.239
87927,12:58:21.239000,SELL,9.85,100,46701239,2019-10-04,46701.239
87929,12:58:21.239000,SELL,9.85,100,46701239,2019-10-04,46701.239
87931,12:58:21.239000,SELL,9.85,21,46701239,2019-10-04,46701.239
87933,12:58:21.239000,SELL,9.85,7,46701239,2019-10-04,46701.239
87935,12:58:21.239000,SELL,9.85,10,46701239,2019-10-04,46701.239
87937,12:58:21.239000,SELL,9.85,300,46701239,2019-10-04,46701.239
87939,12:58:21.239000,SELL,9.85,600,46701239,2019-10-04,46701.239
87941,12:58:21.239000,SELL,9.85,13,46701239,2019-10-04,46701.239
87943,12:58:21.239000,SELL,9.85,100,46701239,2019-10-04,46701.239
87945,12:58:21.239000,SELL,9.85,200,46701239,2019-10-04,46701.239
87947,12:58:21.239000,SELL,9.85,1,46701239,2019-10-04,46701.239
87949,12:58:21.239000,SELL,9.85,17,46701239,2019-10-04,46701.239
87951,12:58:21.239000,SELL,9.85,100,46701239,2019-10-04,46701.239
87953,12:58:21.239000,SELL,9.85,100,46701239,2019-10-04,46701.239
88070,12:58:21.540000,BUY,9.85,500,46701540,2019-10-04,46701.54
88421,13:00:42.549000,BUY,9.85,300,46842549,2019-10-04,46842.549
88423,13:00:42.549000,BUY,9.85,518,46842549,2019-10-04,46842.549
88617,13:00:44.058000,SELL,9.85,100,46844058,2019-10-04,46844.058
88722,13:00:58.300000,BUY,9.86,400,46858300,2019-10-04,46858.3
88726,13:00:58.300000,BUY,9.86,400,46858300,2019-10-04,46858.3
88728,13:00:58.300000,BUY,9.86,200,46858300,2019-10-04,46858.3
88730,13:00:58.300000,BUY,9.86,100,46858300,2019-10-04,46858.3
88732,13:00:58.300000,BUY,9.86,200,46858300,2019-10-04,46858.3
88734,13:00:58.300000,BUY,9.86,252,46858300,2019-10-04,46858.3
88736,13:00:58.300000,BUY,9.86,100,46858300,2019-10-04,46858.3
88738,13:00:58.300000,BUY,9.86,400,46858300,2019-10-04,46858.3
88740,13:00:58.300000,BUY,9.86,200,46858300,2019-10-04,46858.3
88742,13:00:58.300000,BUY,9.86,1100,46858300,2019-10-04,46858.3
88744,13:00:58.300000,BUY,9.86,700,46858300,2019-10-04,46858.3
89443,13:03:00.984000,SELL,9.86,1100,46980984,2019-10-04,46980.984
88798,13:00:58.302000,BUY,9.86,100,46858302,2019-10-04,46858.302
89447,13:03:00.984000,SELL,9.86,1,46980984,2019-10-04,46980.984
89449,13:03:00.984000,SELL,9.86,600,46980984,2019-10-04,46980.984
89451,13:03:00.984000,SELL,9.86,100,46980984,2019-10-04,46980.984
89453,13:03:00.984000,SELL,9.86,200,46980984,2019-10-04,46980.984
89455,13:03:00.984000,SELL,9.86,100,46980984,2019-10-04,46980.984
89457,13:03:00.984000,SELL,9.86,400,46980984,2019-10-04,46980.984
89459,13:03:00.984000,SELL,9.86,100,46980984,2019-10-04,46980.984
89461,13:03:00.984000,SELL,9.86,1600,46980984,2019-10-04,46980.984
89463,13:03:00.984000,SELL,9.86,100,46980984,2019-10-04,46980.984
89465,13:03:00.984000,SELL,9.86,100,46980984,2019-10-04,46980.984
89467,13:03:00.984000,SELL,9.86,100,46980984,2019-10-04,46980.984
89469,13:03:00.984000,SELL,9.86,400,46980984,2019-10-04,46980.984
89471,13:03:00.984000,SELL,9.86,1,46980984,2019-10-04,46980.984
89473,13:03:00.984000,SELL,9.86,1,46980984,2019-10-04,46980.984
89475,13:03:00.984000,SELL,9.86,1,46980984,2019-10-04,46980.984
89477,13:03:00.984000,SELL,9.86,300,46980984,2019-10-04,46980.984
89479,13:03:00.984000,SELL,9.86,1,46980984,2019-10-04,46980.984
89481,13:03:00.984000,SELL,9.86,2,46980984,2019-10-04,46980.984
89483,13:03:00.984000,SELL,9.86,2,46980984,2019-10-04,46980.984
89485,13:03:00.984000,SELL,9.86,3,46980984,2019-10-04,46980.984
89520,13:03:00.985000,SELL,9.86,200,46980985,2019-10-04,46980.985
89524,13:03:00.985000,SELL,9.86,700,46980985,2019-10-04,46980.985
89527,13:03:00.985000,SELL,9.86,100,46980985,2019-10-04,46980.985
89534,13:03:00.985000,SELL,9.86,22,46980985,2019-10-04,46980.985
89536,13:03:00.985000,SELL,9.86,78,46980985,2019-10-04,46980.985
89678,13:03:01.970000,SELL,9.85,300,46981970,2019-10-04,46981.97
90655,13:08:23.839000,SELL,9.85,400,47303839,2019-10-04,47303.839
90659,13:08:23.839000,SELL,9.85,100,47303839,2019-10-04,47303.839
90661,13:08:23.839000,SELL,9.85,500,47303839,2019-10-04,47303.839
90663,13:08:23.839000,SELL,9.85,1,47303839,2019-10-04,47303.839
90665,13:08:23.839000,SELL,9.85,1,47303839,2019-10-04,47303.839
90667,13:08:23.839000,SELL,9.85,1,47303839,2019-10-04,47303.839
90669,13:08:23.839000,SELL,9.85,100,47303839,2019-10-04,47303.839
90671,13:08:23.839000,SELL,9.85,1,47303839,2019-10-04,47303.839
90673,13:08:23.839000,SELL,9.85,2,47303839,2019-10-04,47303.839
90675,13:08:23.839000,SELL,9.85,2,47303839,2019-10-04,47303.839
90677,13:08:23.839000,SELL,9.85,3,47303839,2019-10-04,47303.839
90679,13:08:23.839000,SELL,9.85,4,47303839,2019-10-04,47303.839
90681,13:08:23.839000,SELL,9.85,5,47303839,2019-10-04,47303.839
90683,13:08:23.839000,SELL,9.85,100,47303839,2019-10-04,47303.839
90685,13:08:23.839000,SELL,9.85,7,47303839,2019-10-04,47303.839
90687,13:08:23.839000,SELL,9.85,9,47303839,2019-10-04,47303.839
90689,13:08:23.839000,SELL,9.85,12,47303839,2019-10-04,47303.839
90691,13:08:23.839000,SELL,9.85,100,47303839,2019-10-04,47303.839
90693,13:08:23.839000,SELL,9.85,1,47303839,2019-10-04,47303.839
90695,13:08:23.839000,SELL,9.85,16,47303839,2019-10-04,47303.839
90697,13:08:23.839000,SELL,9.85,22,47303839,2019-10-04,47303.839
90699,13:08:23.839000,SELL,9.85,100,47303839,2019-10-04,47303.839
90701,13:08:23.839000,SELL,9.85,100,47303839,2019-10-04,47303.839
90703,13:08:23.839000,SELL,9.85,100,47303839,2019-10-04,47303.839
90777,13:08:23.840000,SELL,9.84,400,47303840,2019-10-04,47303.84
90781,13:08:23.840000,SELL,9.84,200,47303840,2019-10-04,47303.84
90783,13:08:23.840000,SELL,9.84,100,47303840,2019-10-04,47303.84
90785,13:08:23.840000,SELL,9.84,300,47303840,2019-10-04,47303.84
90787,13:08:23.840000,SELL,9.84,200,47303840,2019-10-04,47303.84
90789,13:08:23.840000,SELL,9.84,1000,47303840,2019-10-04,47303.84
90814,13:08:23.841000,SELL,9.84,600,47303841,2019-10-04,47303.841
90869,13:08:23.846000,BUY,9.84,100,47303846,2019-10-04,47303.846
91385,13:10:30.553000,BUY,9.84,453,47430553,2019-10-04,47430.553
91399,13:10:30.553000,BUY,9.84,347,47430553,2019-10-04,47430.553
91749,13:12:06.524000,BUY,9.85,500,47526524,2019-10-04,47526.524
91767,13:12:06.525000,BUY,9.85,100,47526525,2019-10-04,47526.525
91769,13:12:06.525000,BUY,9.85,100,47526525,2019-10-04,47526.525
91891,13:12:07.674000,SELL,9.85,300,47527674,2019-10-04,47527.674
91895,13:12:07.674000,SELL,9.85,100,47527674,2019-10-04,47527.674
91897,13:12:07.674000,SELL,9.85,95,47527674,2019-10-04,47527.674
91899,13:12:07.674000,SELL,9.85,500,47527674,2019-10-04,47527.674
91901,13:12:07.674000,SELL,9.85,1,47527674,2019-10-04,47527.674
91939,13:12:07.674000,SELL,9.85,1,47527674,2019-10-04,47527.674
91941,13:12:07.674000,SELL,9.85,199,47527674,2019-10-04,47527.674
91946,13:12:07.674000,SELL,9.85,100,47527674,2019-10-04,47527.674
91948,13:12:07.674000,SELL,9.85,18,47527674,2019-10-04,47527.674
91956,13:12:07.674000,SELL,9.85,18,47527674,2019-10-04,47527.674
91963,13:12:07.674000,SELL,9.85,82,47527674,2019-10-04,47527.674
93592,13:23:00.766000,SELL,9.84,400,48180766,2019-10-04,48180.766
92562,13:16:46.824000,BUY,9.85,407,47806824,2019-10-04,47806.824
93596,13:23:00.766000,SELL,9.84,100,48180766,2019-10-04,48180.766
93598,13:23:00.766000,SELL,9.84,100,48180766,2019-10-04,48180.766
93600,13:23:00.766000,SELL,9.84,1,48180766,2019-10-04,48180.766
93602,13:23:00.766000,SELL,9.84,200,48180766,2019-10-04,48180.766
93604,13:23:00.766000,SELL,9.84,100,48180766,2019-10-04,48180.766
93985,13:24:20.183000,SELL,9.83,401,48260183,2019-10-04,48260.183
94325,13:27:40.178000,BUY,9.84,700,48460178,2019-10-04,48460.178
95157,13:31:03.349000,SELL,9.83,300,48663349,2019-10-04,48663.349
95159,13:31:03.349000,SELL,9.83,100,48663349,2019-10-04,48663.349
95161,13:31:03.349000,SELL,9.83,100,48663349,2019-10-04,48663.349
95163,13:31:03.349000,SELL,9.83,13,48663349,2019-10-04,48663.349
95165,13:31:03.349000,SELL,9.83,500,48663349,2019-10-04,48663.349
95167,13:31:03.349000,SELL,9.83,190,48663349,2019-10-04,48663.349
95177,13:31:03.349000,SELL,9.83,10,48663349,2019-10-04,48663.349
95179,13:31:03.349000,SELL,9.83,5,48663349,2019-10-04,48663.349
95181,13:31:03.349000,SELL,9.83,6,48663349,2019-10-04,48663.349
95183,13:31:03.349000,SELL,9.83,8,48663349,2019-10-04,48663.349
95185,13:31:03.349000,SELL,9.83,100,48663349,2019-10-04,48663.349
95187,13:31:03.349000,SELL,9.83,100,48663349,2019-10-04,48663.349
95189,13:31:03.349000,SELL,9.83,200,48663349,2019-10-04,48663.349
95191,13:31:03.349000,SELL,9.83,100,48663349,2019-10-04,48663.349
95193,13:31:03.349000,SELL,9.83,11,48663349,2019-10-04,48663.349
95195,13:31:03.349000,SELL,9.83,15,48663349,2019-10-04,48663.349
95197,13:31:03.349000,SELL,9.83,20,48663349,2019-10-04,48663.349
95199,13:31:03.349000,SELL,9.83,100,48663349,2019-10-04,48663.349
95201,13:31:03.349000,SELL,9.83,100,48663349,2019-10-04,48663.349
95203,13:31:03.349000,SELL,9.83,1,48663349,2019-10-04,48663.349
95205,13:31:03.349000,SELL,9.83,100,48663349,2019-10-04,48663.349
95207,13:31:03.349000,SELL,9.83,100,48663349,2019-10-04,48663.349
95209,13:31:03.349000,SELL,9.83,100,48663349,2019-10-04,48663.349
95334,13:31:03.964000,SELL,9.82,600,48663964,2019-10-04,48663.964
95338,13:31:03.964000,SELL,9.82,100,48663964,2019-10-04,48663.964
95340,13:31:03.964000,SELL,9.82,2700,48663964,2019-10-04,48663.964
95342,13:31:03.964000,SELL,9.82,100,48663964,2019-10-04,48663.964
95361,13:31:03.964000,SELL,9.82,40,48663964,2019-10-04,48663.964
95944,13:34:34.546000,BUY,9.83,2500,48874546,2019-10-04,48874.546
95984,13:34:34.547000,BUY,9.83,300,48874547,2019-10-04,48874.547
95986,13:34:34.547000,BUY,9.83,900,48874547,2019-10-04,48874.547
95994,13:34:34.547000,BUY,9.83,100,48874547,2019-10-04,48874.547
95996,13:34:34.547000,BUY,9.83,100,48874547,2019-10-04,48874.547
95998,13:34:34.547000,BUY,9.83,100,48874547,2019-10-04,48874.547
96000,13:34:34.547000,BUY,9.83,4,48874547,2019-10-04,48874.547
96154,13:34:35.094000,SELL,9.83,400,48875094,2019-10-04,48875.094
96158,13:34:35.094000,SELL,9.83,518,48875094,2019-10-04,48875.094
96188,13:34:35.095000,SELL,9.83,251,48875095,2019-10-04,48875.095
96224,13:34:35.097000,SELL,9.83,33,48875097,2019-10-04,48875.097
96582,13:36:25.821000,SELL,9.83,1323,48985821,2019-10-04,48985.821
96586,13:36:25.821000,SELL,9.83,100,48985821,2019-10-04,48985.821
96588,13:36:25.821000,SELL,9.83,1,48985821,2019-10-04,48985.821
96590,13:36:25.821000,SELL,9.83,400,48985821,2019-10-04,48985.821
96592,13:36:25.821000,SELL,9.83,300,48985821,2019-10-04,48985.821
96594,13:36:25.821000,SELL,9.83,200,48985821,2019-10-04,48985.821
96596,13:36:25.821000,SELL,9.83,400,48985821,2019-10-04,48985.821
96598,13:36:25.821000,SELL,9.83,100,48985821,2019-10-04,48985.821
96600,13:36:25.821000,SELL,9.83,100,48985821,2019-10-04,48985.821
96602,13:36:25.821000,SELL,9.83,100,48985821,2019-10-04,48985.821
96604,13:36:25.821000,SELL,9.83,100,48985821,2019-10-04,48985.821
96606,13:36:25.821000,SELL,9.83,100,48985821,2019-10-04,48985.821
96608,13:36:25.821000,SELL,9.83,500,48985821,2019-10-04,48985.821
97431,13:41:41.194000,BUY,9.83,1000,49301194,2019-10-04,49301.194
97632,13:42:46.388000,BUY,9.83,4,49366388,2019-10-04,49366.388
97785,13:42:47.260000,SELL,9.83,301,49367260,2019-10-04,49367.26
97789,13:42:47.260000,SELL,9.83,300,49367260,2019-10-04,49367.26
97791,13:42:47.260000,SELL,9.83,100,49367260,2019-10-04,49367.26
97793,13:42:47.260000,SELL,9.83,100,49367260,2019-10-04,49367.26
97795,13:42:47.260000,SELL,9.83,100,49367260,2019-10-04,49367.26
97797,13:42:47.260000,SELL,9.83,830,49367260,2019-10-04,49367.26
97799,13:42:47.260000,SELL,9.83,300,49367260,2019-10-04,49367.26
97801,13:42:47.260000,SELL,9.83,900,49367260,2019-10-04,49367.26
97838,13:42:47.264000,SELL,9.83,100,49367264,2019-10-04,49367.264
97949,13:42:48.169000,BUY,9.83,355,49368169,2019-10-04,49368.169
98020,13:42:52.970000,BUY,9.83,300,49372970,2019-10-04,49372.97
98022,13:42:52.970000,BUY,9.83,100,49372970,2019-10-04,49372.97
98024,13:42:52.970000,BUY,9.83,376,49372970,2019-10-04,49372.97
98076,13:42:58.768000,SELL,9.82,500,49378768,2019-10-04,49378.768
98051,13:42:52.972000,BUY,9.83,1,49372972,2019-10-04,49372.972
98080,13:42:58.768000,SELL,9.82,100,49378768,2019-10-04,49378.768
98082,13:42:58.768000,SELL,9.82,30,49378768,2019-10-04,49378.768
98096,13:42:58.769000,SELL,9.82,170,49378769,2019-10-04,49378.769
98100,13:42:58.769000,SELL,9.82,1,49378769,2019-10-04,49378.769
98102,13:42:58.769000,SELL,9.82,100,49378769,2019-10-04,49378.769
98594,13:45:46.222000,SELL,9.81,300,49546222,2019-10-04,49546.222
98598,13:45:46.222000,SELL,9.81,200,49546222,2019-10-04,49546.222
98600,13:45:46.222000,SELL,9.81,100,49546222,2019-10-04,49546.222
98602,13:45:46.222000,SELL,9.81,400,49546222,2019-10-04,49546.222
98604,13:45:46.222000,SELL,9.81,100,49546222,2019-10-04,49546.222
98606,13:45:46.222000,SELL,9.81,100,49546222,2019-10-04,49546.222
98608,13:45:46.222000,SELL,9.81,100,49546222,2019-10-04,49546.222
98610,13:45:46.222000,SELL,9.81,100,49546222,2019-10-04,49546.222
98612,13:45:46.222000,SELL,9.81,100,49546222,2019-10-04,49546.222
98614,13:45:46.222000,SELL,9.81,429,49546222,2019-10-04,49546.222
98616,13:45:46.222000,SELL,9.81,13,49546222,2019-10-04,49546.222
98618,13:45:46.222000,SELL,9.81,1,49546222,2019-10-04,49546.222
98930,13:46:33.406000,BUY,9.81,1700,49593406,2019-10-04,49593.406
98934,13:46:33.406000,BUY,9.81,100,49593406,2019-10-04,49593.406
98936,13:46:33.406000,BUY,9.81,25,49593406,2019-10-04,49593.406
98980,13:46:33.406000,BUY,9.81,300,49593406,2019-10-04,49593.406
99029,13:46:33.417000,BUY,9.81,200,49593417,2019-10-04,49593.417
99042,13:46:33.417000,BUY,9.81,4,49593417,2019-10-04,49593.417
99044,13:46:33.417000,BUY,9.81,3,49593417,2019-10-04,49593.417
99062,13:46:33.418000,BUY,9.81,128,49593418,2019-10-04,49593.418
99143,13:46:35.704000,BUY,9.82,600,49595704,2019-10-04,49595.704
99147,13:46:35.704000,BUY,9.82,100,49595704,2019-10-04,49595.704
99149,13:46:35.704000,BUY,9.82,100,49595704,2019-10-04,49595.704
99151,13:46:35.704000,BUY,9.82,200,49595704,2019-10-04,49595.704
99327,13:46:50.926000,BUY,9.83,900,49610926,2019-10-04,49610.926
99332,13:46:50.926000,BUY,9.83,100,49610926,2019-10-04,49610.926
100133,13:51:06.024000,BUY,9.84,700,49866024,2019-10-04,49866.024
100137,13:51:06.024000,BUY,9.84,100,49866024,2019-10-04,49866.024
100139,13:51:06.024000,BUY,9.84,3,49866024,2019-10-04,49866.024
100476,13:51:45.215000,SELL,9.84,500,49905215,2019-10-04,49905.215
100484,13:51:45.215000,SELL,9.84,100,49905215,2019-10-04,49905.215
100486,13:51:45.215000,SELL,9.84,149,49905215,2019-10-04,49905.215
100493,13:51:45.215000,SELL,9.84,22,49905215,2019-10-04,49905.215
100499,13:51:45.215000,SELL,9.84,139,49905215,2019-10-04,49905.215
100507,13:51:45.215000,SELL,9.84,112,49905215,2019-10-04,49905.215
101037,13:53:27.483000,BUY,9.85,101,50007483,2019-10-04,50007.483
101868,13:58:01.491000,SELL,9.84,600,50281491,2019-10-04,50281.491
101872,13:58:01.491000,SELL,9.84,100,50281491,2019-10-04,50281.491
101874,13:58:01.491000,SELL,9.84,100,50281491,2019-10-04,50281.491
101876,13:58:01.491000,SELL,9.84,100,50281491,2019-10-04,50281.491
101878,13:58:01.491000,SELL,9.84,100,50281491,2019-10-04,50281.491
101880,13:58:01.491000,SELL,9.84,492,50281491,2019-10-04,50281.491
101898,13:58:01.491000,SELL,9.84,508,50281491,2019-10-04,50281.491
101900,13:58:01.491000,SELL,9.84,100,50281491,2019-10-04,50281.491
101902,13:58:01.491000,SELL,9.84,100,50281491,2019-10-04,50281.491
101904,13:58:01.491000,SELL,9.84,1,50281491,2019-10-04,50281.491
101906,13:58:01.491000,SELL,9.84,3,50281491,2019-10-04,50281.491
101908,13:58:01.491000,SELL,9.84,400,50281491,2019-10-04,50281.491
101910,13:58:01.491000,SELL,9.84,200,50281491,2019-10-04,50281.491
101912,13:58:01.491000,SELL,9.84,1,50281491,2019-10-04,50281.491
101914,13:58:01.491000,SELL,9.84,1,50281491,2019-10-04,50281.491
101916,13:58:01.491000,SELL,9.84,1,50281491,2019-10-04,50281.491
101918,13:58:01.491000,SELL,9.84,1,50281491,2019-10-04,50281.491
101920,13:58:01.491000,SELL,9.84,2,50281491,2019-10-04,50281.491
101922,13:58:01.491000,SELL,9.84,2,50281491,2019-10-04,50281.491
101924,13:58:01.491000,SELL,9.84,3,50281491,2019-10-04,50281.491
101926,13:58:01.491000,SELL,9.84,4,50281491,2019-10-04,50281.491
101928,13:58:01.491000,SELL,9.84,5,50281491,2019-10-04,50281.491
101930,13:58:01.491000,SELL,9.84,7,50281491,2019-10-04,50281.491
101932,13:58:01.491000,SELL,9.84,9,50281491,2019-10-04,50281.491
101934,13:58:01.491000,SELL,9.84,100,50281491,2019-10-04,50281.491
101936,13:58:01.491000,SELL,9.84,1,50281491,2019-10-04,50281.491
101938,13:58:01.491000,SELL,9.84,100,50281491,2019-10-04,50281.491
101940,13:58:01.491000,SELL,9.84,12,50281491,2019-10-04,50281.491
101942,13:58:01.491000,SELL,9.84,4,50281491,2019-10-04,50281.491
101976,13:58:01.492000,SELL,9.84,22,50281492,2019-10-04,50281.492
101980,13:58:01.492000,SELL,9.84,71,50281492,2019-10-04,50281.492
102009,13:58:01.492000,SELL,9.84,29,50281492,2019-10-04,50281.492
102011,13:58:01.492000,SELL,9.84,2,50281492,2019-10-04,50281.492
102013,13:58:01.492000,SELL,9.84,22,50281492,2019-10-04,50281.492
102015,13:58:01.492000,SELL,9.84,17,50281492,2019-10-04,50281.492
102017,13:58:01.492000,SELL,9.84,93,50281492,2019-10-04,50281.492
102529,14:00:12.354000,BUY,9.84,900,50412354,2019-10-04,50412.354
102533,14:00:12.354000,BUY,9.84,100,50412354,2019-10-04,50412.354
102535,14:00:12.354000,BUY,9.84,100,50412354,2019-10-04,50412.354
102537,14:00:12.354000,BUY,9.84,100,50412354,2019-10-04,50412.354
102539,14:00:12.354000,BUY,9.84,700,50412354,2019-10-04,50412.354
102551,14:00:12.354000,BUY,9.84,4,50412354,2019-10-04,50412.354
102600,14:00:12.354000,BUY,9.84,2,50412354,2019-10-04,50412.354
102604,14:00:12.354000,BUY,9.84,100,50412354,2019-10-04,50412.354
102614,14:00:12.354000,BUY,9.84,117,50412354,2019-10-04,50412.354
102945,14:01:08.140000,SELL,9.84,307,50468140,2019-10-04,50468.14
102949,14:01:08.140000,SELL,9.84,1,50468140,2019-10-04,50468.14
102951,14:01:08.140000,SELL,9.84,800,50468140,2019-10-04,50468.14
102953,14:01:08.140000,SELL,9.84,400,50468140,2019-10-04,50468.14
102955,14:01:08.140000,SELL,9.84,3,50468140,2019-10-04,50468.14
102957,14:01:08.140000,SELL,9.84,100,50468140,2019-10-04,50468.14
102959,14:01:08.140000,SELL,9.84,4,50468140,2019-10-04,50468.14
102961,14:01:08.140000,SELL,9.84,200,50468140,2019-10-04,50468.14
102963,14:01:08.140000,SELL,9.84,5,50468140,2019-10-04,50468.14
102965,14:01:08.140000,SELL,9.84,7,50468140,2019-10-04,50468.14
102967,14:01:08.140000,SELL,9.84,100,50468140,2019-10-04,50468.14
102969,14:01:08.140000,SELL,9.84,100,50468140,2019-10-04,50468.14
102971,14:01:08.140000,SELL,9.84,9,50468140,2019-10-04,50468.14
102973,14:01:08.140000,SELL,9.84,100,50468140,2019-10-04,50468.14
102975,14:01:08.140000,SELL,9.84,12,50468140,2019-10-04,50468.14
103017,14:01:08.140000,SELL,9.84,89,50468140,2019-10-04,50468.14
103024,14:01:08.140000,SELL,9.84,11,50468140,2019-10-04,50468.14
103032,14:01:08.141000,SELL,9.84,64,50468141,2019-10-04,50468.141
103049,14:01:08.141000,SELL,9.84,36,50468141,2019-10-04,50468.141
103187,14:01:12.065000,BUY,9.84,104,50472065,2019-10-04,50472.065
104590,14:09:25.120000,BUY,9.85,300,50965120,2019-10-04,50965.12
104713,14:10:11.569000,BUY,9.85,192,51011569,2019-10-04,51011.569
104717,14:10:11.569000,BUY,9.85,100,51011569,2019-10-04,51011.569
104719,14:10:11.569000,BUY,9.85,100,51011569,2019-10-04,51011.569
104721,14:10:11.569000,BUY,9.85,100,51011569,2019-10-04,51011.569
105121,14:11:27.708000,BUY,9.86,442,51087708,2019-10-04,51087.708
105125,14:11:27.708000,BUY,9.86,258,51087708,2019-10-04,51087.708
105153,14:11:27.708000,BUY,9.86,1,51087708,2019-10-04,51087.708
105164,14:11:27.708000,BUY,9.86,2,51087708,2019-10-04,51087.708
105175,14:11:27.708000,BUY,9.86,18,51087708,2019-10-04,51087.708
105178,14:11:27.708000,BUY,9.86,82,51087708,2019-10-04,51087.708
105227,14:11:29.039000,BUY,9.86,154,51089039,2019-10-04,51089.039
105270,14:11:31.181000,BUY,9.86,132,51091181,2019-10-04,51091.181
105322,14:11:32.174000,BUY,9.86,250,51092174,2019-10-04,51092.174
106082,14:14:32.262000,BUY,9.87,1,51272262,2019-10-04,51272.262
106161,14:14:33.019000,SELL,9.87,200,51273019,2019-10-04,51273.019
106165,14:14:33.019000,SELL,9.87,200,51273019,2019-10-04,51273.019
106167,14:14:33.019000,SELL,9.87,400,51273019,2019-10-04,51273.019
106170,14:14:33.019000,SELL,9.87,350,51273019,2019-10-04,51273.019
106172,14:14:33.019000,SELL,9.87,100,51273019,2019-10-04,51273.019
106174,14:14:33.019000,SELL,9.87,100,51273019,2019-10-04,51273.019
106198,14:14:33.020000,SELL,9.87,100,51273020,2019-10-04,51273.02
106354,14:15:02.899000,BUY,9.87,400,51302899,2019-10-04,51302.899
106436,14:15:08.061000,BUY,9.87,324,51308061,2019-10-04,51308.061
106440,14:15:08.061000,BUY,9.87,100,51308061,2019-10-04,51308.061
106833,14:15:30.268000,SELL,9.87,174,51330268,2019-10-04,51330.268
106837,14:15:30.268000,SELL,9.87,100,51330268,2019-10-04,51330.268
106839,14:15:30.268000,SELL,9.87,1,51330268,2019-10-04,51330.268
106841,14:15:30.268000,SELL,9.87,1500,51330268,2019-10-04,51330.268
106843,14:15:30.268000,SELL,9.87,100,51330268,2019-10-04,51330.268
106845,14:15:30.268000,SELL,9.87,300,51330268,2019-10-04,51330.268
106847,14:15:30.268000,SELL,9.87,300,51330268,2019-10-04,51330.268
106849,14:15:30.268000,SELL,9.87,100,51330268,2019-10-04,51330.268
106851,14:15:30.268000,SELL,9.87,85,51330268,2019-10-04,51330.268
106873,14:15:30.268000,SELL,9.87,15,51330268,2019-10-04,51330.268
106875,14:15:30.268000,SELL,9.87,100,51330268,2019-10-04,51330.268
106877,14:15:30.268000,SELL,9.87,300,51330268,2019-10-04,51330.268
106879,14:15:30.268000,SELL,9.87,100,51330268,2019-10-04,51330.268
106881,14:15:30.268000,SELL,9.87,200,51330268,2019-10-04,51330.268
106883,14:15:30.268000,SELL,9.87,100,51330268,2019-10-04,51330.268
106885,14:15:30.268000,SELL,9.87,100,51330268,2019-10-04,51330.268
106887,14:15:30.268000,SELL,9.87,1,51330268,2019-10-04,51330.268
106889,14:15:30.268000,SELL,9.87,1,51330268,2019-10-04,51330.268
106891,14:15:30.268000,SELL,9.87,1,51330268,2019-10-04,51330.268
106893,14:15:30.268000,SELL,9.87,1,51330268,2019-10-04,51330.268
106895,14:15:30.268000,SELL,9.87,300,51330268,2019-10-04,51330.268
106897,14:15:30.268000,SELL,9.87,2,51330268,2019-10-04,51330.268
106928,14:15:30.268000,SELL,9.87,11,51330268,2019-10-04,51330.268
106932,14:15:30.268000,SELL,9.87,89,51330268,2019-10-04,51330.268
106971,14:15:30.269000,SELL,9.87,208,51330269,2019-10-04,51330.269
107020,14:15:31.403000,BUY,9.88,300,51331403,2019-10-04,51331.403
107695,14:21:32.747000,SELL,9.87,400,51692747,2019-10-04,51692.747
107697,14:21:32.747000,SELL,9.87,100,51692747,2019-10-04,51692.747
107699,14:21:32.747000,SELL,9.87,100,51692747,2019-10-04,51692.747
107701,14:21:32.747000,SELL,9.87,37,51692747,2019-10-04,51692.747
107711,14:21:32.747000,SELL,9.87,63,51692747,2019-10-04,51692.747
107713,14:21:32.747000,SELL,9.87,100,51692747,2019-10-04,51692.747
107715,14:21:32.747000,SELL,9.87,100,51692747,2019-10-04,51692.747
107717,14:21:32.747000,SELL,9.87,100,51692747,2019-10-04,51692.747
107719,14:21:32.747000,SELL,9.87,48,51692747,2019-10-04,51692.747
107726,14:21:32.747000,SELL,9.87,52,51692747,2019-10-04,51692.747
107728,14:21:32.747000,SELL,9.87,100,51692747,2019-10-04,51692.747
107730,14:21:32.747000,SELL,9.87,100,51692747,2019-10-04,51692.747
107732,14:21:32.747000,SELL,9.87,100,51692747,2019-10-04,51692.747
107734,14:21:32.747000,SELL,9.87,100,51692747,2019-10-04,51692.747
