time,bidPx_0,bidPx_1,bidPx_2,bidPx_3,bidPx_4,bidQty_0,bidQty_1,bidQty_2,bidQty_3,bidQty_4,askPx_0,askPx_1,askPx_2,askPx_3,askPx_4,askQty_0,askQty_1,askQty_2,askQty_3,askQty_4,date,time_elapsed
09:30:00.297000,10.26,10.17,10.1,10.06,9.83,100,600,100,498,300,10.7,10.99,11.0,11.03,11.13,200,10300,600,100,100,2019-10-01,34200.297
09:30:28.313000,10.55,10.54,10.47,10.45,10.43,100,100,200,100,100,10.58,10.6,10.65,10.69,10.7,100,100,100,800,100,2019-10-01,34228.313
09:31:20.895000,10.56,10.55,10.54,10.49,10.47,55,100,100,200,200,10.58,10.59,10.61,10.62,10.63,200,4,200,100,700,2019-10-01,34280.895
09:31:20.895000,10.56,10.55,10.54,10.49,10.47,2,100,100,200,200,10.58,10.59,10.61,10.62,10.63,200,4,200,100,700,2019-10-01,34280.895
09:31:20.895000,10.55,10.54,10.49,10.47,10.45,100,100,200,200,100,10.58,10.59,10.61,10.62,10.63,200,4,200,100,700,2019-10-01,34280.895
09:31:26.001000,10.54,10.49,10.47,10.45,10.43,100,200,200,100,100,10.56,10.57,10.58,10.59,10.61,100,100,100,4,700,2019-10-01,34286.001
09:31:46.575000,10.54,10.49,10.47,10.45,10.43,1070,300,300,300,200,10.56,10.57,10.58,10.59,10.6,100,200,100,300,700,2019-10-01,34306.575
09:32:09.424000,10.55,10.54,10.51,10.49,10.47,872,100,100,300,300,10.56,10.57,10.58,10.59,10.6,800,400,100,200,1100,2019-10-01,34329.424
09:32:09.424000,10.55,10.54,10.51,10.49,10.47,102,100,100,300,300,10.56,10.57,10.58,10.59,10.6,1700,400,100,200,1100,2019-10-01,34329.424
09:32:09.424000,10.55,10.54,10.51,10.49,10.47,2,100,100,300,300,10.56,10.57,10.58,10.59,10.6,1700,400,100,200,1100,2019-10-01,34329.424
09:32:09.424000,10.54,10.51,10.49,10.47,10.46,100,100,300,300,1000,10.56,10.57,10.58,10.59,10.6,1700,400,100,200,1100,2019-10-01,34329.424
09:32:11,10.54,10.51,10.49,10.47,10.46,200,100,300,300,1000,10.55,10.56,10.57,10.58,10.59,200,800,200,100,400,2019-10-01,34331.0
09:32:11,10.54,10.51,10.49,10.47,10.46,200,100,300,300,1000,10.55,10.56,10.57,10.58,10.59,100,800,200,100,400,2019-10-01,34331.0
09:32:11,10.54,10.51,10.49,10.47,10.46,200,100,300,300,1000,10.56,10.57,10.58,10.59,10.6,800,200,100,400,1100,2019-10-01,34331.0
09:32:18.018000,10.54,10.53,10.52,10.51,10.49,100,100,200,100,300,10.55,10.56,10.57,10.58,10.59,100,600,200,400,400,2019-10-01,34338.018
09:32:18.018000,10.54,10.53,10.52,10.51,10.49,100,100,200,100,300,10.56,10.57,10.58,10.59,10.6,600,200,400,400,1100,2019-10-01,34338.018
09:32:29.847000,10.56,10.55,10.54,10.53,10.52,300,1000,400,200,200,10.58,10.59,10.6,10.61,10.62,300,400,500,300,1000,2019-10-01,34349.847
09:32:40.211000,10.56,10.55,10.54,10.53,10.52,100,900,400,200,200,10.57,10.58,10.59,10.6,10.61,556,400,400,500,500,2019-10-01,34360.211
09:32:40.211000,10.55,10.54,10.53,10.52,10.51,900,400,200,200,100,10.57,10.58,10.59,10.6,10.61,556,400,400,500,500,2019-10-01,34360.211
09:33:00.013000,10.54,10.53,10.52,10.51,10.5,400,200,200,100,200,10.56,10.57,10.58,10.59,10.6,356,400,400,500,500,2019-10-01,34380.013
09:33:18.496000,10.54,10.53,10.52,10.51,10.5,600,300,200,100,200,10.55,10.56,10.57,10.58,10.59,100,300,400,300,500,2019-10-01,34398.496
09:33:18.496000,10.54,10.53,10.52,10.51,10.5,600,300,200,100,200,10.56,10.57,10.58,10.59,10.6,300,400,300,500,1200,2019-10-01,34398.496
09:34:00.210000,10.57,10.56,10.55,10.54,10.53,502,400,900,500,500,10.59,10.6,10.61,10.62,10.63,300,600,500,1000,1000,2019-10-01,34440.21
09:34:01.597000,10.58,10.57,10.56,10.55,10.54,702,500,400,900,500,10.59,10.6,10.61,10.62,10.63,200,300,500,900,1000,2019-10-01,34441.597
09:34:01.597000,10.58,10.57,10.56,10.55,10.54,702,500,400,900,500,10.59,10.6,10.61,10.62,10.63,100,300,500,900,1000,2019-10-01,34441.597
09:34:01.597000,10.58,10.57,10.56,10.55,10.54,702,500,400,900,500,10.6,10.61,10.62,10.63,10.64,300,500,900,1000,400,2019-10-01,34441.597
09:34:21.452000,10.59,10.58,10.57,10.56,10.55,302,700,400,400,900,10.6,10.61,10.62,10.63,10.64,78,300,200,200,300,2019-10-01,34461.452
09:35:22.289000,10.6,10.59,10.58,10.57,10.56,1717,486,500,500,500,10.61,10.62,10.63,10.64,10.65,1400,500,400,600,1600,2019-10-01,34522.289
09:35:22.289000,10.6,10.59,10.58,10.57,10.56,1617,486,500,500,500,10.61,10.62,10.63,10.64,10.65,1400,500,400,600,1600,2019-10-01,34522.289
09:35:22.289000,10.6,10.59,10.58,10.57,10.56,400,486,500,500,500,10.61,10.62,10.63,10.64,10.65,1400,500,400,600,1600,2019-10-01,34522.289
09:35:22.289000,10.6,10.59,10.58,10.57,10.56,2,486,500,500,500,10.61,10.62,10.63,10.64,10.65,1400,500,400,600,1600,2019-10-01,34522.289
09:35:22.289000,10.59,10.58,10.57,10.56,10.55,486,500,500,500,900,10.61,10.62,10.63,10.64,10.65,1400,500,400,600,1600,2019-10-01,34522.289
09:35:22.301000,10.59,10.58,10.57,10.56,10.55,2086,500,500,500,900,10.6,10.61,10.62,10.63,10.64,1871,1600,500,400,600,2019-10-01,34522.301
09:35:22.302000,10.59,10.58,10.57,10.56,10.55,1186,500,500,500,900,10.6,10.61,10.62,10.63,10.64,1422,1600,500,400,600,2019-10-01,34522.302
09:35:22.303000,10.59,10.58,10.57,10.56,10.55,1086,500,500,500,900,10.6,10.61,10.62,10.63,10.64,600,1500,500,400,600,2019-10-01,34522.303
09:35:22.303000,10.59,10.58,10.57,10.56,10.55,1086,500,500,500,900,10.6,10.61,10.62,10.63,10.64,500,1500,500,400,600,2019-10-01,34522.303
09:35:22.303000,10.59,10.58,10.57,10.56,10.55,1086,500,500,500,900,10.61,10.62,10.63,10.64,10.65,1500,500,400,600,1600,2019-10-01,34522.303
09:35:22.594000,10.6,10.59,10.58,10.57,10.56,1900,486,600,500,500,10.61,10.62,10.63,10.64,10.65,1400,500,400,600,1600,2019-10-01,34522.594
09:35:22.594000,10.6,10.59,10.58,10.57,10.56,1900,486,600,500,500,10.61,10.62,10.63,10.64,10.65,1300,500,400,600,1600,2019-10-01,34522.594
09:35:22.594000,10.6,10.59,10.58,10.57,10.56,1900,486,600,500,500,10.61,10.62,10.63,10.64,10.65,1200,500,400,600,1600,2019-10-01,34522.594
09:35:22.594000,10.6,10.59,10.58,10.57,10.56,1900,486,600,500,500,10.61,10.62,10.63,10.64,10.65,1100,500,400,600,1600,2019-10-01,34522.594
09:35:22.594000,10.6,10.59,10.58,10.57,10.56,1900,486,600,500,500,10.61,10.62,10.63,10.64,10.65,1000,500,400,600,1600,2019-10-01,34522.594
09:35:22.594000,10.6,10.59,10.58,10.57,10.56,1900,486,600,500,500,10.61,10.62,10.63,10.64,10.65,900,500,400,600,1600,2019-10-01,34522.594
09:35:22.594000,10.6,10.59,10.58,10.57,10.56,1900,486,600,500,500,10.61,10.62,10.63,10.64,10.65,100,500,400,600,1600,2019-10-01,34522.594
09:35:22.594000,10.6,10.59,10.58,10.57,10.56,1900,486,600,500,500,10.62,10.63,10.64,10.65,10.66,500,400,600,1600,1000,2019-10-01,34522.594
09:35:25.901000,10.6,10.59,10.58,10.57,10.56,1900,586,600,500,500,10.61,10.62,10.63,10.64,10.65,800,500,700,500,1700,2019-10-01,34525.901
09:35:25.901000,10.6,10.59,10.58,10.57,10.56,1900,586,600,500,500,10.61,10.62,10.63,10.64,10.65,700,500,700,500,1700,2019-10-01,34525.901
09:35:25.901000,10.6,10.59,10.58,10.57,10.56,1900,586,600,500,500,10.61,10.62,10.63,10.64,10.65,500,500,700,500,1700,2019-10-01,34525.901
09:35:25.901000,10.6,10.59,10.58,10.57,10.56,1900,586,600,500,500,10.61,10.62,10.63,10.64,10.65,368,500,700,500,1700,2019-10-01,34525.901
09:35:25.901000,10.6,10.59,10.58,10.57,10.56,1900,586,600,500,500,10.61,10.62,10.63,10.64,10.65,300,500,700,500,1700,2019-10-01,34525.901
09:35:25.901000,10.6,10.59,10.58,10.57,10.56,1900,586,600,500,500,10.61,10.62,10.63,10.64,10.65,200,500,700,500,1700,2019-10-01,34525.901
09:35:25.901000,10.6,10.59,10.58,10.57,10.56,1900,586,600,500,500,10.61,10.62,10.63,10.64,10.65,100,500,700,500,1700,2019-10-01,34525.901
09:35:25.901000,10.6,10.59,10.58,10.57,10.56,1900,586,600,500,500,10.62,10.63,10.64,10.65,10.66,500,700,500,1700,1000,2019-10-01,34525.901
09:35:25.901000,10.6,10.59,10.58,10.57,10.56,3120,586,600,500,500,10.61,10.62,10.63,10.64,10.65,200,400,700,500,1700,2019-10-01,34525.901
09:35:25.901000,10.6,10.59,10.58,10.57,10.56,3120,586,600,500,500,10.61,10.62,10.63,10.64,10.65,100,400,700,500,1700,2019-10-01,34525.901
09:35:25.901000,10.6,10.59,10.58,10.57,10.56,3120,586,600,500,500,10.62,10.63,10.64,10.65,10.66,400,700,500,1700,1000,2019-10-01,34525.901
09:35:33.129000,10.61,10.6,10.59,10.58,10.57,1900,800,686,700,600,10.62,10.63,10.64,10.65,10.66,1000,600,600,1800,1100,2019-10-01,34533.129
09:35:33.129000,10.61,10.6,10.59,10.58,10.57,1800,800,686,700,600,10.62,10.63,10.64,10.65,10.66,1000,600,600,1800,1100,2019-10-01,34533.129
09:35:33.129000,10.61,10.6,10.59,10.58,10.57,1300,800,686,700,600,10.62,10.63,10.64,10.65,10.66,1000,600,600,1800,1100,2019-10-01,34533.129
09:35:33.129000,10.61,10.6,10.59,10.58,10.57,1200,800,686,700,600,10.62,10.63,10.64,10.65,10.66,3700,600,600,1800,1100,2019-10-01,34533.129
09:35:33.129000,10.6,10.59,10.58,10.57,10.56,800,686,700,600,600,10.62,10.63,10.64,10.65,10.66,3700,600,600,1800,1100,2019-10-01,34533.129
09:35:35.905000,10.6,10.59,10.58,10.57,10.56,1000,686,700,600,600,10.61,10.62,10.63,10.64,10.65,2000,1700,600,600,1800,2019-10-01,34535.905
09:35:35.905000,10.6,10.59,10.58,10.57,10.56,900,686,700,600,600,10.61,10.62,10.63,10.64,10.65,2000,1700,600,600,1800,2019-10-01,34535.905
09:35:35.905000,10.59,10.58,10.57,10.56,10.55,686,700,600,600,1000,10.61,10.62,10.63,10.64,10.65,2000,1700,600,600,1800,2019-10-01,34535.905
09:35:39.122000,10.6,10.59,10.58,10.57,10.56,2450,686,700,600,600,10.62,10.63,10.64,10.65,10.66,1700,600,600,1800,1100,2019-10-01,34539.122
09:35:39.929000,10.61,10.6,10.59,10.58,10.57,1250,1500,686,700,600,10.62,10.63,10.64,10.65,10.66,590,600,600,1700,1200,2019-10-01,34539.929
09:35:58.560000,10.61,10.6,10.59,10.58,10.57,1750,600,686,700,600,10.62,10.63,10.64,10.65,10.66,1800,650,600,1200,1200,2019-10-01,34558.56
09:35:58.560000,10.61,10.6,10.59,10.58,10.57,1100,600,686,700,600,10.62,10.63,10.64,10.65,10.66,1800,650,600,1200,1200,2019-10-01,34558.56
09:35:58.560000,10.61,10.6,10.59,10.58,10.57,100,600,686,700,600,10.62,10.63,10.64,10.65,10.66,1800,650,600,1200,1200,2019-10-01,34558.56
09:35:58.560000,10.6,10.59,10.58,10.57,10.56,600,686,700,600,600,10.62,10.63,10.64,10.65,10.66,1800,650,600,1200,1200,2019-10-01,34558.56
09:35:58.561000,10.6,10.59,10.58,10.57,10.56,300,686,700,600,600,10.61,10.62,10.63,10.64,10.65,2390,1900,650,600,1200,2019-10-01,34558.561
09:37:02.701000,10.6,10.59,10.58,10.57,10.56,1091,786,800,600,600,10.62,10.63,10.64,10.65,10.66,1600,700,600,1200,1200,2019-10-01,34622.701
09:37:03.621000,10.62,10.61,10.6,10.59,10.58,1002,2206,900,700,800,10.64,10.65,10.66,10.67,10.68,700,600,400,500,2200,2019-10-01,34623.621
09:37:04.807000,10.63,10.62,10.61,10.6,10.59,202,800,1506,900,700,10.64,10.65,10.66,10.67,10.68,2100,600,500,500,2100,2019-10-01,34624.807
09:37:04.807000,10.63,10.62,10.61,10.6,10.59,2,800,1506,900,700,10.64,10.65,10.66,10.67,10.68,2100,600,500,500,2100,2019-10-01,34624.807
09:37:04.807000,10.62,10.61,10.6,10.59,10.58,800,1506,900,700,800,10.64,10.65,10.66,10.67,10.68,2100,600,500,500,2100,2019-10-01,34624.807
09:37:28.165000,10.62,10.61,10.6,10.59,10.58,900,1317,800,700,800,10.63,10.64,10.65,10.66,10.67,600,1700,800,700,700,2019-10-01,34648.165
09:37:28.165000,10.62,10.61,10.6,10.59,10.58,900,1317,800,700,800,10.63,10.64,10.65,10.66,10.67,500,1700,800,700,700,2019-10-01,34648.165
09:37:28.165000,10.62,10.61,10.6,10.59,10.58,900,1317,800,700,800,10.63,10.64,10.65,10.66,10.67,200,1700,800,700,700,2019-10-01,34648.165
09:37:28.165000,10.62,10.61,10.6,10.59,10.58,900,1317,800,700,800,10.63,10.64,10.65,10.66,10.67,100,1700,800,700,700,2019-10-01,34648.165
09:37:28.165000,10.62,10.61,10.6,10.59,10.58,900,1317,800,700,800,10.64,10.65,10.66,10.67,10.68,1700,800,700,700,2300,2019-10-01,34648.165
09:37:32.087000,10.63,10.62,10.61,10.6,10.59,800,1000,1217,800,700,10.64,10.65,10.66,10.67,10.68,1000,700,600,600,2200,2019-10-01,34652.087
09:37:32.087000,10.63,10.62,10.61,10.6,10.59,800,1000,1217,800,700,10.64,10.65,10.66,10.67,10.68,900,700,600,600,2200,2019-10-01,34652.087
09:37:32.087000,10.63,10.62,10.61,10.6,10.59,800,1000,1217,800,700,10.64,10.65,10.66,10.67,10.68,800,700,600,600,2200,2019-10-01,34652.087
09:37:32.087000,10.63,10.62,10.61,10.6,10.59,800,1000,1217,800,700,10.64,10.65,10.66,10.67,10.68,700,700,600,600,2200,2019-10-01,34652.087
09:37:32.087000,10.63,10.62,10.61,10.6,10.59,800,1000,1217,800,700,10.64,10.65,10.66,10.67,10.68,600,700,600,600,2200,2019-10-01,34652.087
09:37:32.087000,10.63,10.62,10.61,10.6,10.59,800,1000,1217,800,700,10.64,10.65,10.66,10.67,10.68,511,700,600,600,2200,2019-10-01,34652.087
09:37:33.386000,10.63,10.62,10.61,10.6,10.59,1000,1100,1217,800,700,10.65,10.66,10.67,10.68,10.69,800,500,600,2200,1300,2019-10-01,34653.386
09:37:54.253000,10.64,10.63,10.62,10.61,10.6,200,1303,900,1200,800,10.65,10.66,10.67,10.68,10.69,600,700,600,1500,1400,2019-10-01,34674.253
09:37:54.253000,10.64,10.63,10.62,10.61,10.6,100,1303,900,1200,800,10.65,10.66,10.67,10.68,10.69,600,700,600,1500,1400,2019-10-01,34674.253
09:37:54.253000,10.63,10.62,10.61,10.6,10.59,1303,900,1200,800,700,10.65,10.66,10.67,10.68,10.69,600,700,600,1500,1400,2019-10-01,34674.253
09:37:54.525000,10.63,10.62,10.61,10.6,10.59,1003,900,1200,800,700,10.64,10.65,10.66,10.67,10.68,1300,900,700,600,1500,2019-10-01,34674.525
09:37:54.525000,10.63,10.62,10.61,10.6,10.59,1003,900,1200,800,700,10.64,10.65,10.66,10.67,10.68,1100,900,700,600,1500,2019-10-01,34674.525
09:37:54.525000,10.63,10.62,10.61,10.6,10.59,1003,900,1200,800,700,10.64,10.65,10.66,10.67,10.68,900,900,700,600,1500,2019-10-01,34674.525
09:37:54.525000,10.63,10.62,10.61,10.6,10.59,1003,900,1200,800,700,10.64,10.65,10.66,10.67,10.68,800,900,700,600,1500,2019-10-01,34674.525
09:37:54.525000,10.63,10.62,10.61,10.6,10.59,1003,900,1200,800,700,10.64,10.65,10.66,10.67,10.68,700,900,700,600,1500,2019-10-01,34674.525
09:37:54.525000,10.63,10.62,10.61,10.6,10.59,1003,900,1200,800,700,10.64,10.65,10.66,10.67,10.68,600,900,700,600,1500,2019-10-01,34674.525
09:37:54.525000,10.63,10.62,10.61,10.6,10.59,1003,900,1200,800,700,10.64,10.65,10.66,10.67,10.68,400,900,700,600,1500,2019-10-01,34674.525
09:37:54.525000,10.63,10.62,10.61,10.6,10.59,1003,900,1200,800,700,10.65,10.66,10.67,10.68,10.69,900,700,600,1500,2200,2019-10-01,34674.525
09:37:54.526000,10.64,10.63,10.62,10.61,10.6,2100,1235,900,1200,800,10.65,10.66,10.67,10.68,10.69,700,700,600,1500,2200,2019-10-01,34674.526
09:38:11.219000,10.64,10.63,10.62,10.61,10.6,500,1103,900,1200,800,10.65,10.66,10.67,10.68,10.69,1500,800,900,1700,2400,2019-10-01,34691.219
09:38:12.165000,10.64,10.63,10.62,10.61,10.6,901,1103,900,1200,800,10.65,10.66,10.67,10.68,10.69,60,800,900,1700,2400,2019-10-01,34692.165
09:38:19.831000,10.64,10.63,10.62,10.61,10.6,301,1103,900,1200,800,10.65,10.66,10.67,10.68,10.69,660,700,900,1600,2300,2019-10-01,34699.831
09:38:19.831000,10.64,10.63,10.62,10.61,10.6,201,1103,900,1200,800,10.65,10.66,10.67,10.68,10.69,660,700,900,1600,2300,2019-10-01,34699.831
09:38:19.831000,10.64,10.63,10.62,10.61,10.6,200,1103,900,1200,800,10.65,10.66,10.67,10.68,10.69,660,700,900,1600,2300,2019-10-01,34699.831
09:38:19.831000,10.64,10.63,10.62,10.61,10.6,100,1103,900,1200,800,10.65,10.66,10.67,10.68,10.69,660,700,900,1600,2300,2019-10-01,34699.831
09:38:19.831000,10.63,10.62,10.61,10.6,10.59,1103,900,1200,800,700,10.65,10.66,10.67,10.68,10.69,660,700,900,1600,2300,2019-10-01,34699.831
09:38:26.387000,10.63,10.62,10.61,10.6,10.59,1734,1000,1200,800,700,10.64,10.65,10.66,10.67,10.68,830,860,800,600,1500,2019-10-01,34706.387
09:38:26.387000,10.63,10.62,10.61,10.6,10.59,1734,1000,1200,800,700,10.64,10.65,10.66,10.67,10.68,800,860,800,600,1500,2019-10-01,34706.387
09:38:26.387000,10.63,10.62,10.61,10.6,10.59,1734,1000,1200,800,700,10.64,10.65,10.66,10.67,10.68,500,860,800,600,1500,2019-10-01,34706.387
09:38:26.387000,10.63,10.62,10.61,10.6,10.59,1734,1000,1200,800,700,10.64,10.65,10.66,10.67,10.68,330,860,800,600,1500,2019-10-01,34706.387
09:38:28.432000,10.63,10.62,10.61,10.6,10.59,1203,1000,1200,800,700,10.65,10.66,10.67,10.68,10.69,760,700,600,1400,2100,2019-10-01,34708.432
09:38:28.432000,10.63,10.62,10.61,10.6,10.59,1003,1000,1200,800,700,10.65,10.66,10.67,10.68,10.69,760,700,600,1400,2100,2019-10-01,34708.432
09:38:36.503000,10.63,10.62,10.61,10.6,10.59,603,1000,1200,800,700,10.64,10.65,10.66,10.67,10.68,900,960,800,600,1500,2019-10-01,34716.503
09:38:36.503000,10.63,10.62,10.61,10.6,10.59,603,1000,1200,800,700,10.64,10.65,10.66,10.67,10.68,500,960,800,600,1500,2019-10-01,34716.503
09:38:36.503000,10.63,10.62,10.61,10.6,10.59,603,1000,1200,800,700,10.64,10.65,10.66,10.67,10.68,400,960,800,600,1500,2019-10-01,34716.503
09:38:36.503000,10.63,10.62,10.61,10.6,10.59,603,1000,1200,800,700,10.64,10.65,10.66,10.67,10.68,300,960,800,600,1500,2019-10-01,34716.503
09:38:36.503000,10.63,10.62,10.61,10.6,10.59,603,1000,1200,800,700,10.64,10.65,10.66,10.67,10.68,200,960,800,600,1500,2019-10-01,34716.503
09:38:36.503000,10.63,10.62,10.61,10.6,10.59,603,1000,1200,800,700,10.64,10.65,10.66,10.67,10.68,100,960,800,600,1500,2019-10-01,34716.503
09:38:36.503000,10.63,10.62,10.61,10.6,10.59,603,1000,1200,800,700,10.65,10.66,10.67,10.68,10.69,960,800,600,1500,2200,2019-10-01,34716.503
09:38:40.854000,10.63,10.62,10.61,10.6,10.59,303,1000,1200,800,700,10.64,10.65,10.66,10.67,10.68,3532,1400,900,700,1500,2019-10-01,34720.854
09:38:40.854000,10.63,10.62,10.61,10.6,10.59,103,1000,1200,800,700,10.64,10.65,10.66,10.67,10.68,3532,1400,900,700,1500,2019-10-01,34720.854
09:38:40.854000,10.63,10.62,10.61,10.6,10.59,86,1000,1200,800,700,10.64,10.65,10.66,10.67,10.68,3532,1400,900,700,1500,2019-10-01,34720.854
09:38:40.854000,10.62,10.61,10.6,10.59,10.58,1000,1200,800,700,1800,10.64,10.65,10.66,10.67,10.68,3532,1400,900,700,1500,2019-10-01,34720.854
09:38:41.891000,10.62,10.61,10.6,10.59,10.58,700,1200,800,700,1700,10.63,10.64,10.65,10.66,10.67,1800,2832,1000,800,1400,2019-10-01,34721.891
09:38:41.891000,10.62,10.61,10.6,10.59,10.58,600,1200,800,700,1700,10.63,10.64,10.65,10.66,10.67,1800,2832,1000,800,1400,2019-10-01,34721.891
09:38:41.891000,10.62,10.61,10.6,10.59,10.58,500,1200,800,700,1700,10.63,10.64,10.65,10.66,10.67,1800,2832,1000,800,1400,2019-10-01,34721.891
09:38:41.891000,10.62,10.61,10.6,10.59,10.58,400,1200,800,700,1700,10.63,10.64,10.65,10.66,10.67,1800,2832,1000,800,1400,2019-10-01,34721.891
09:38:41.891000,10.62,10.61,10.6,10.59,10.58,300,1200,800,700,1700,10.63,10.64,10.65,10.66,10.67,1800,2832,1000,800,1400,2019-10-01,34721.891
09:38:41.891000,10.62,10.61,10.6,10.59,10.58,200,1200,800,700,1700,10.63,10.64,10.65,10.66,10.67,1800,2832,1000,800,1400,2019-10-01,34721.891
09:38:41.891000,10.62,10.61,10.6,10.59,10.58,100,1200,800,700,1700,10.63,10.64,10.65,10.66,10.67,1800,2832,1000,800,1400,2019-10-01,34721.891
09:38:41.891000,10.61,10.6,10.59,10.58,10.57,1200,800,700,1700,500,10.63,10.64,10.65,10.66,10.67,1800,2832,1000,800,1400,2019-10-01,34721.891
09:38:43.617000,10.61,10.6,10.59,10.58,10.57,1000,800,700,800,600,10.62,10.63,10.64,10.65,10.66,2500,1900,2232,1000,900,2019-10-01,34723.617
09:38:43.617000,10.61,10.6,10.59,10.58,10.57,1000,800,700,800,600,10.62,10.63,10.64,10.65,10.66,2000,1900,2232,1000,900,2019-10-01,34723.617
09:38:43.617000,10.61,10.6,10.59,10.58,10.57,1000,800,700,800,600,10.62,10.63,10.64,10.65,10.66,1900,1900,2232,1000,900,2019-10-01,34723.617
09:38:43.617000,10.61,10.6,10.59,10.58,10.57,1000,800,700,800,600,10.62,10.63,10.64,10.65,10.66,1300,1900,2232,1000,900,2019-10-01,34723.617
09:38:43.617000,10.61,10.6,10.59,10.58,10.57,1000,800,700,800,600,10.62,10.63,10.64,10.65,10.66,1000,1900,2232,1000,900,2019-10-01,34723.617
09:38:43.617000,10.61,10.6,10.59,10.58,10.57,1000,800,700,800,600,10.63,10.64,10.65,10.66,10.67,1900,2232,1000,900,2200,2019-10-01,34723.617
09:38:45.399000,10.62,10.61,10.6,10.59,10.58,333,1100,800,700,800,10.63,10.64,10.65,10.66,10.67,2400,2132,1100,900,2200,2019-10-01,34725.399
09:38:45.399000,10.62,10.61,10.6,10.59,10.58,332,1100,800,700,800,10.63,10.64,10.65,10.66,10.67,2800,2132,1100,900,2200,2019-10-01,34725.399
09:38:46.496000,10.61,10.6,10.59,10.58,10.57,1466,800,700,800,600,10.62,10.63,10.64,10.65,10.66,400,2000,2232,1000,800,2019-10-01,34726.496
09:38:46.496000,10.61,10.6,10.59,10.58,10.57,1466,800,700,800,600,10.62,10.63,10.64,10.65,10.66,300,2000,2232,1000,800,2019-10-01,34726.496
09:38:46.496000,10.61,10.6,10.59,10.58,10.57,1466,800,700,800,600,10.63,10.64,10.65,10.66,10.67,2000,2232,1000,800,2200,2019-10-01,34726.496
09:38:46.934000,10.62,10.61,10.6,10.59,10.58,500,900,800,700,800,10.63,10.64,10.65,10.66,10.67,1800,2332,1000,800,2200,2019-10-01,34726.934
09:38:46.934000,10.62,10.61,10.6,10.59,10.58,500,900,800,700,800,10.63,10.64,10.65,10.66,10.67,1700,2332,1000,800,2200,2019-10-01,34726.934
09:38:46.934000,10.62,10.61,10.6,10.59,10.58,500,900,800,700,800,10.63,10.64,10.65,10.66,10.67,1100,2332,1000,800,2200,2019-10-01,34726.934
09:38:46.934000,10.62,10.61,10.6,10.59,10.58,500,900,800,700,800,10.63,10.64,10.65,10.66,10.67,1000,2332,1000,800,2200,2019-10-01,34726.934
09:38:46.934000,10.62,10.61,10.6,10.59,10.58,500,900,800,700,800,10.63,10.64,10.65,10.66,10.67,900,2332,1000,800,2200,2019-10-01,34726.934
09:38:46.934000,10.62,10.61,10.6,10.59,10.58,500,900,800,700,800,10.63,10.64,10.65,10.66,10.67,700,2332,1000,800,2200,2019-10-01,34726.934
09:38:46.934000,10.62,10.61,10.6,10.59,10.58,500,900,800,700,800,10.63,10.64,10.65,10.66,10.67,600,2332,1000,800,2200,2019-10-01,34726.934
09:38:46.934000,10.62,10.61,10.6,10.59,10.58,500,900,800,700,800,10.63,10.64,10.65,10.66,10.67,500,2332,1000,800,2200,2019-10-01,34726.934
09:38:48.801000,10.62,10.61,10.6,10.59,10.58,300,900,800,700,800,10.63,10.64,10.65,10.66,10.67,1100,2132,1000,900,2200,2019-10-01,34728.801
09:38:48.801000,10.61,10.6,10.59,10.58,10.57,900,800,700,800,600,10.63,10.64,10.65,10.66,10.67,1100,2132,1000,900,2200,2019-10-01,34728.801
09:38:49.931000,10.61,10.6,10.59,10.58,10.57,500,800,700,800,600,10.62,10.63,10.64,10.65,10.66,1400,1000,2232,1100,900,2019-10-01,34729.931
09:38:49.931000,10.61,10.6,10.59,10.58,10.57,500,800,700,800,600,10.62,10.63,10.64,10.65,10.66,1100,1000,2232,1100,900,2019-10-01,34729.931
09:38:49.931000,10.61,10.6,10.59,10.58,10.57,500,800,700,800,600,10.62,10.63,10.64,10.65,10.66,1000,1000,2232,1100,900,2019-10-01,34729.931
09:38:49.931000,10.61,10.6,10.59,10.58,10.57,500,800,700,800,600,10.62,10.63,10.64,10.65,10.66,900,1000,2232,1100,900,2019-10-01,34729.931
09:38:49.931000,10.61,10.6,10.59,10.58,10.57,500,800,700,800,600,10.62,10.63,10.64,10.65,10.66,500,1000,2232,1100,900,2019-10-01,34729.931
09:38:49.931000,10.61,10.6,10.59,10.58,10.57,500,800,700,800,600,10.62,10.63,10.64,10.65,10.66,400,1000,2232,1100,900,2019-10-01,34729.931
09:38:49.931000,10.61,10.6,10.59,10.58,10.57,500,800,700,800,600,10.62,10.63,10.64,10.65,10.66,300,1000,2232,1100,900,2019-10-01,34729.931
09:38:49.931000,10.61,10.6,10.59,10.58,10.57,500,800,700,800,600,10.62,10.63,10.64,10.65,10.66,200,1000,2232,1100,900,2019-10-01,34729.931
09:38:49.931000,10.61,10.6,10.59,10.58,10.57,500,800,700,800,600,10.62,10.63,10.64,10.65,10.66,100,1000,2232,1100,900,2019-10-01,34729.931
09:38:51.799000,10.61,10.6,10.59,10.58,10.57,900,800,700,800,600,10.63,10.64,10.65,10.66,10.67,1601,2232,1100,900,2200,2019-10-01,34731.799
09:38:53.266000,10.61,10.6,10.59,10.58,10.57,500,800,700,800,600,10.62,10.63,10.64,10.65,10.66,1301,1201,2232,1100,900,2019-10-01,34733.266
09:38:53.266000,10.61,10.6,10.59,10.58,10.57,500,800,700,800,600,10.62,10.63,10.64,10.65,10.66,1101,1201,2232,1100,900,2019-10-01,34733.266
09:38:54.243000,10.61,10.6,10.59,10.58,10.57,700,800,700,800,600,10.62,10.63,10.64,10.65,10.66,300,1201,2232,1300,900,2019-10-01,34734.243
09:38:54.243000,10.61,10.6,10.59,10.58,10.57,700,800,700,800,600,10.62,10.63,10.64,10.65,10.66,200,1201,2232,1300,900,2019-10-01,34734.243
09:38:54.243000,10.61,10.6,10.59,10.58,10.57,700,800,700,800,600,10.62,10.63,10.64,10.65,10.66,100,1201,2232,1300,900,2019-10-01,34734.243
09:38:54.243000,10.61,10.6,10.59,10.58,10.57,700,800,700,800,600,10.63,10.64,10.65,10.66,10.67,1201,2232,1300,900,2200,2019-10-01,34734.243
09:38:54.372000,10.61,10.6,10.59,10.58,10.57,700,800,700,800,600,10.62,10.63,10.64,10.65,10.66,500,1202,2232,1300,900,2019-10-01,34734.372
09:38:54.372000,10.61,10.6,10.59,10.58,10.57,700,800,700,800,600,10.62,10.63,10.64,10.65,10.66,100,1202,2232,1300,900,2019-10-01,34734.372
09:38:54.372000,10.61,10.6,10.59,10.58,10.57,700,800,700,800,600,10.63,10.64,10.65,10.66,10.67,1202,2232,1300,900,2200,2019-10-01,34734.372
09:38:54.451000,10.61,10.6,10.59,10.58,10.57,700,800,700,800,600,10.63,10.64,10.65,10.66,10.67,1603,2232,1300,900,2200,2019-10-01,34734.451
09:38:55.148000,10.61,10.6,10.59,10.58,10.57,600,800,700,800,600,10.62,10.63,10.64,10.65,10.66,600,1203,2332,1300,900,2019-10-01,34735.148
09:38:55.148000,10.61,10.6,10.59,10.58,10.57,600,800,700,800,600,10.62,10.63,10.64,10.65,10.66,500,1203,2332,1300,900,2019-10-01,34735.148
09:38:55.148000,10.61,10.6,10.59,10.58,10.57,600,800,700,800,600,10.62,10.63,10.64,10.65,10.66,400,1203,2332,1300,900,2019-10-01,34735.148
09:38:55.844000,10.61,10.6,10.59,10.58,10.57,600,800,700,800,600,10.62,10.63,10.64,10.65,10.66,600,1203,2232,1300,900,2019-10-01,34735.844
09:38:55.844000,10.61,10.6,10.59,10.58,10.57,600,800,700,800,600,10.62,10.63,10.64,10.65,10.66,200,1203,2232,1300,900,2019-10-01,34735.844
09:38:55.844000,10.61,10.6,10.59,10.58,10.57,600,800,700,800,600,10.63,10.64,10.65,10.66,10.67,1203,2232,1300,900,2200,2019-10-01,34735.844
09:38:55.998000,10.61,10.6,10.59,10.58,10.57,600,800,700,800,600,10.62,10.63,10.64,10.65,10.66,600,2069,2232,1300,900,2019-10-01,34735.998
09:38:55.998000,10.61,10.6,10.59,10.58,10.57,600,800,700,800,600,10.62,10.63,10.64,10.65,10.66,500,2069,2232,1300,900,2019-10-01,34735.998
09:38:55.998000,10.61,10.6,10.59,10.58,10.57,600,800,700,800,600,10.62,10.63,10.64,10.65,10.66,400,2069,2232,1300,900,2019-10-01,34735.998
09:38:55.998000,10.61,10.6,10.59,10.58,10.57,600,800,700,800,600,10.63,10.64,10.65,10.66,10.67,2069,2232,1300,900,2600,2019-10-01,34735.998
09:38:56.127000,10.61,10.6,10.59,10.58,10.57,600,800,700,800,600,10.62,10.63,10.64,10.65,10.66,400,1303,2232,1300,900,2019-10-01,34736.127
09:38:56.127000,10.61,10.6,10.59,10.58,10.57,600,800,700,800,600,10.63,10.64,10.65,10.66,10.67,1303,2232,1300,900,2600,2019-10-01,34736.127
09:38:58.561000,10.62,10.61,10.6,10.59,10.58,300,900,800,700,800,10.63,10.64,10.65,10.66,10.67,1603,2132,1300,900,2600,2019-10-01,34738.561
09:38:58.561000,10.61,10.6,10.59,10.58,10.57,900,800,700,800,600,10.63,10.64,10.65,10.66,10.67,1603,2132,1300,900,2600,2019-10-01,34738.561
09:39:00.719000,10.61,10.6,10.59,10.58,10.57,302,800,700,800,600,10.62,10.63,10.64,10.65,10.66,3705,1202,2232,1300,900,2019-10-01,34740.719
09:39:00.719000,10.61,10.6,10.59,10.58,10.57,202,800,700,800,600,10.62,10.63,10.64,10.65,10.66,3705,1202,2232,1300,900,2019-10-01,34740.719
09:39:00.719000,10.61,10.6,10.59,10.58,10.57,2,800,700,800,600,10.62,10.63,10.64,10.65,10.66,3705,1202,2232,1300,900,2019-10-01,34740.719
09:39:00.719000,10.6,10.59,10.58,10.57,10.56,800,700,800,600,1400,10.62,10.63,10.64,10.65,10.66,3705,1202,2232,1300,900,2019-10-01,34740.719
09:39:01.778000,10.6,10.59,10.58,10.57,10.56,900,700,800,600,1300,10.61,10.62,10.63,10.64,10.65,700,3227,1202,2432,2000,2019-10-01,34741.778
09:39:01.778000,10.6,10.59,10.58,10.57,10.56,900,700,800,600,1300,10.61,10.62,10.63,10.64,10.65,400,3227,1202,2432,2000,2019-10-01,34741.778
09:39:01.778000,10.6,10.59,10.58,10.57,10.56,900,700,800,600,1300,10.61,10.62,10.63,10.64,10.65,300,3227,1202,2432,2000,2019-10-01,34741.778
09:39:01.778000,10.6,10.59,10.58,10.57,10.56,900,700,800,600,1300,10.62,10.63,10.64,10.65,10.66,3227,1202,2432,2000,1500,2019-10-01,34741.778
09:39:04.764000,10.6,10.59,10.58,10.57,10.56,400,700,800,600,1300,10.61,10.62,10.63,10.64,10.65,1101,2700,1302,2432,2000,2019-10-01,34744.764
09:39:04.764000,10.6,10.59,10.58,10.57,10.56,200,700,800,600,1300,10.61,10.62,10.63,10.64,10.65,1101,2700,1302,2432,2000,2019-10-01,34744.764
09:39:04.764000,10.6,10.59,10.58,10.57,10.56,299,700,800,600,1300,10.61,10.62,10.63,10.64,10.65,1401,2700,1302,2432,2000,2019-10-01,34744.764
09:39:04.764000,10.6,10.59,10.58,10.57,10.56,198,700,800,600,1300,10.61,10.62,10.63,10.64,10.65,1301,2700,1302,2432,2000,2019-10-01,34744.764
09:39:04.765000,10.6,10.59,10.58,10.57,10.56,197,700,800,600,1300,10.61,10.62,10.63,10.64,10.65,1401,2900,1302,2432,2000,2019-10-01,34744.765
09:39:04.766000,10.6,10.59,10.58,10.57,10.56,100,700,800,600,1300,10.61,10.62,10.63,10.64,10.65,1436,2900,1302,2432,2000,2019-10-01,34744.766
09:39:04.766000,10.59,10.58,10.57,10.56,10.55,700,800,600,1300,800,10.61,10.62,10.63,10.64,10.65,1436,2900,1302,2432,2000,2019-10-01,34744.766
09:39:05.870000,10.59,10.58,10.57,10.56,10.55,1700,800,600,400,800,10.6,10.61,10.62,10.63,10.64,2,1100,2400,1500,2400,2019-10-01,34745.87
09:39:05.870000,10.59,10.58,10.57,10.56,10.55,1700,800,600,400,800,10.6,10.61,10.62,10.63,10.64,1,1100,2400,1500,2400,2019-10-01,34745.87
09:39:05.870000,10.59,10.58,10.57,10.56,10.55,1700,800,600,400,800,10.61,10.62,10.63,10.64,10.65,1100,2400,1500,2400,2700,2019-10-01,34745.87
09:39:06.610000,10.6,10.59,10.58,10.57,10.56,2635,1300,800,600,400,10.61,10.62,10.63,10.64,10.65,1370,2400,1400,2400,2700,2019-10-01,34746.61
09:39:06.610000,10.6,10.59,10.58,10.57,10.56,2635,1300,800,600,400,10.61,10.62,10.63,10.64,10.65,1270,2400,1400,2400,2700,2019-10-01,34746.61
09:39:06.610000,10.6,10.59,10.58,10.57,10.56,2635,1300,800,600,400,10.61,10.62,10.63,10.64,10.65,1170,2400,1400,2400,2700,2019-10-01,34746.61
09:39:06.610000,10.6,10.59,10.58,10.57,10.56,2635,1300,800,600,400,10.61,10.62,10.63,10.64,10.65,1070,2400,1400,2400,2700,2019-10-01,34746.61
09:39:06.610000,10.6,10.59,10.58,10.57,10.56,2635,1300,800,600,400,10.61,10.62,10.63,10.64,10.65,770,2400,1400,2400,2700,2019-10-01,34746.61
09:39:06.610000,10.6,10.59,10.58,10.57,10.56,2635,1300,800,600,400,10.61,10.62,10.63,10.64,10.65,670,2400,1400,2400,2700,2019-10-01,34746.61
09:39:06.610000,10.6,10.59,10.58,10.57,10.56,2635,1300,800,600,400,10.62,10.63,10.64,10.65,10.66,2400,1400,2400,2700,800,2019-10-01,34746.61
09:39:18.706000,10.6,10.59,10.58,10.57,10.56,1035,900,800,600,1300,10.61,10.62,10.63,10.64,10.65,900,2400,1600,2400,2700,2019-10-01,34758.706
09:39:18.706000,10.6,10.59,10.58,10.57,10.56,635,900,800,600,1300,10.61,10.62,10.63,10.64,10.65,900,2400,1600,2400,2700,2019-10-01,34758.706
09:39:18.706000,10.6,10.59,10.58,10.57,10.56,600,900,800,600,1300,10.61,10.62,10.63,10.64,10.65,900,2400,1600,2400,2700,2019-10-01,34758.706
09:39:18.706000,10.6,10.59,10.58,10.57,10.56,500,900,800,600,1300,10.61,10.62,10.63,10.64,10.65,900,2400,1600,2400,2700,2019-10-01,34758.706
09:39:18.706000,10.6,10.59,10.58,10.57,10.56,400,900,800,600,1300,10.61,10.62,10.63,10.64,10.65,900,2400,1600,2400,2700,2019-10-01,34758.706
09:39:18.706000,10.6,10.59,10.58,10.57,10.56,300,900,800,600,1300,10.61,10.62,10.63,10.64,10.65,900,2400,1600,2400,2700,2019-10-01,34758.706
09:39:18.706000,10.59,10.58,10.57,10.56,10.55,900,800,600,1300,800,10.61,10.62,10.63,10.64,10.65,900,2400,1600,2400,2700,2019-10-01,34758.706
09:39:18.841000,10.59,10.58,10.57,10.56,10.55,900,800,600,1300,800,10.6,10.61,10.62,10.63,10.64,100,1000,2500,1600,2400,2019-10-01,34758.841
09:39:18.841000,10.59,10.58,10.57,10.56,10.55,900,800,600,1300,800,10.61,10.62,10.63,10.64,10.65,1000,2500,1600,2400,2800,2019-10-01,34758.841
09:39:21.522000,10.6,10.59,10.58,10.57,10.56,637,900,800,600,1300,10.61,10.62,10.63,10.64,10.65,900,2400,1600,2400,2800,2019-10-01,34761.522
09:39:21.522000,10.6,10.59,10.58,10.57,10.56,537,900,800,600,1300,10.61,10.62,10.63,10.64,10.65,900,2400,1600,2400,2800,2019-10-01,34761.522
09:39:21.522000,10.6,10.59,10.58,10.57,10.56,500,900,800,600,1300,10.61,10.62,10.63,10.64,10.65,900,2400,1600,2400,2800,2019-10-01,34761.522
09:39:21.522000,10.6,10.59,10.58,10.57,10.56,400,900,800,600,1300,10.61,10.62,10.63,10.64,10.65,900,2400,1600,2400,2800,2019-10-01,34761.522
09:39:21.522000,10.6,10.59,10.58,10.57,10.56,300,900,800,600,1300,10.61,10.62,10.63,10.64,10.65,900,2400,1600,2400,2800,2019-10-01,34761.522
09:39:21.522000,10.6,10.59,10.58,10.57,10.56,200,900,800,600,1300,10.61,10.62,10.63,10.64,10.65,900,2400,1600,2400,2800,2019-10-01,34761.522
09:39:21.522000,10.59,10.58,10.57,10.56,10.55,900,800,600,1300,800,10.61,10.62,10.63,10.64,10.65,900,2400,1600,2400,2800,2019-10-01,34761.522
09:39:24.540000,10.59,10.58,10.57,10.56,10.55,700,800,600,400,800,10.6,10.61,10.62,10.63,10.64,400,1100,2400,1600,2400,2019-10-01,34764.54
09:39:24.540000,10.59,10.58,10.57,10.56,10.55,700,800,600,400,800,10.6,10.61,10.62,10.63,10.64,300,1100,2400,1600,2400,2019-10-01,34764.54
09:39:24.540000,10.59,10.58,10.57,10.56,10.55,700,800,600,400,800,10.6,10.61,10.62,10.63,10.64,200,1100,2400,1600,2400,2019-10-01,34764.54
09:39:27.298000,10.59,10.58,10.57,10.56,10.55,800,800,600,400,800,10.6,10.61,10.62,10.63,10.64,800,1100,2500,1700,2500,2019-10-01,34767.298
09:39:27.298000,10.59,10.58,10.57,10.56,10.55,800,800,600,400,800,10.6,10.61,10.62,10.63,10.64,700,1100,2500,1700,2500,2019-10-01,34767.298
09:39:27.298000,10.59,10.58,10.57,10.56,10.55,800,800,600,400,800,10.6,10.61,10.62,10.63,10.64,600,1100,2500,1700,2500,2019-10-01,34767.298
09:39:27.298000,10.59,10.58,10.57,10.56,10.55,800,800,600,400,800,10.6,10.61,10.62,10.63,10.64,500,1100,2500,1700,2500,2019-10-01,34767.298
09:39:27.298000,10.59,10.58,10.57,10.56,10.55,800,800,600,400,800,10.6,10.61,10.62,10.63,10.64,400,1100,2500,1700,2500,2019-10-01,34767.298
09:39:27.298000,10.59,10.58,10.57,10.56,10.55,800,800,600,400,800,10.6,10.61,10.62,10.63,10.64,369,1100,2500,1700,2500,2019-10-01,34767.298
09:39:35.564000,10.6,10.59,10.58,10.57,10.56,1400,900,800,600,400,10.62,10.63,10.64,10.65,10.66,2400,1300,2300,2700,800,2019-10-01,34775.564
09:39:42.532000,10.61,10.6,10.59,10.58,10.57,99,1500,900,800,600,10.62,10.63,10.64,10.65,10.66,2165,1200,2300,2400,800,2019-10-01,34782.532
09:39:56.754000,10.6,10.59,10.58,10.57,10.56,1700,900,800,600,1300,10.62,10.63,10.64,10.65,10.66,2000,1300,2300,2500,800,2019-10-01,34796.754
09:40:37.258000,10.6,10.59,10.58,10.57,10.56,902,1100,1000,900,1600,10.61,10.62,10.63,10.64,10.65,541,2500,1100,2800,2600,2019-10-01,34837.258
09:40:37.258000,10.6,10.59,10.58,10.57,10.56,902,1100,1000,900,1600,10.61,10.62,10.63,10.64,10.65,500,2500,1100,2800,2600,2019-10-01,34837.258
09:40:37.258000,10.6,10.59,10.58,10.57,10.56,902,1100,1000,900,1600,10.61,10.62,10.63,10.64,10.65,300,2500,1100,2800,2600,2019-10-01,34837.258
09:40:37.258000,10.6,10.59,10.58,10.57,10.56,902,1100,1000,900,1600,10.62,10.63,10.64,10.65,10.66,2500,1100,2800,2600,1200,2019-10-01,34837.258
09:40:45.653000,10.61,10.6,10.59,10.58,10.57,1802,1200,1200,1100,1000,10.63,10.64,10.65,10.66,10.67,1000,2700,2600,1200,2100,2019-10-01,34845.653
09:40:49.946000,10.62,10.61,10.6,10.59,10.58,1002,2200,1200,1200,1100,10.63,10.64,10.65,10.66,10.67,200,2700,1000,1200,2800,2019-10-01,34849.946
09:40:49.946000,10.62,10.61,10.6,10.59,10.58,1002,2200,1200,1200,1100,10.64,10.65,10.66,10.67,10.68,2700,1000,1200,2800,1000,2019-10-01,34849.946
09:41:31.194000,10.63,10.62,10.61,10.6,10.59,782,1100,1900,1300,1200,10.64,10.65,10.66,10.67,10.68,1236,1000,1200,2800,900,2019-10-01,34891.194
09:41:31.194000,10.63,10.62,10.61,10.6,10.59,882,1100,1900,1300,1200,10.64,10.65,10.66,10.67,10.68,300,1000,1200,2800,900,2019-10-01,34891.194
09:41:31.194000,10.63,10.62,10.61,10.6,10.59,882,1100,1900,1300,1200,10.64,10.65,10.66,10.67,10.68,100,1000,1200,2800,900,2019-10-01,34891.194
09:41:31.194000,10.63,10.62,10.61,10.6,10.59,882,1100,1900,1300,1200,10.65,10.66,10.67,10.68,10.69,1000,1200,2800,900,1600,2019-10-01,34891.194
09:41:41.884000,10.64,10.63,10.62,10.61,10.6,502,980,1400,1900,2200,10.65,10.66,10.67,10.68,10.69,1800,1300,1300,1000,2300,2019-10-01,34901.884
09:41:41.884000,10.64,10.63,10.62,10.61,10.6,402,980,1400,1900,2200,10.65,10.66,10.67,10.68,10.69,1800,1300,1300,1000,2300,2019-10-01,34901.884
09:41:41.884000,10.64,10.63,10.62,10.61,10.6,102,980,1400,1900,2200,10.65,10.66,10.67,10.68,10.69,1800,1300,1300,1000,2300,2019-10-01,34901.884
09:41:41.884000,10.64,10.63,10.62,10.61,10.6,2,980,1400,1900,2200,10.65,10.66,10.67,10.68,10.69,1800,1300,1300,1000,2300,2019-10-01,34901.884
09:41:41.884000,10.63,10.62,10.61,10.6,10.59,980,1400,1900,2200,2100,10.65,10.66,10.67,10.68,10.69,2200,1300,1300,1000,2300,2019-10-01,34901.884
09:42:16.201000,10.63,10.62,10.61,10.6,10.59,1445,1400,2000,1300,2200,10.64,10.65,10.66,10.67,10.68,521,1500,800,1300,2400,2019-10-01,34936.201
09:42:16.201000,10.63,10.62,10.61,10.6,10.59,1445,1400,2000,1300,2200,10.64,10.65,10.66,10.67,10.68,250,1500,800,1300,2400,2019-10-01,34936.201
09:42:16.201000,10.63,10.62,10.61,10.6,10.59,1445,1400,2000,1300,2200,10.64,10.65,10.66,10.67,10.68,200,1500,800,1300,2400,2019-10-01,34936.201
09:42:16.201000,10.63,10.62,10.61,10.6,10.59,1445,1400,2000,1300,2200,10.64,10.65,10.66,10.67,10.68,100,1500,800,1300,2400,2019-10-01,34936.201
09:42:16.201000,10.63,10.62,10.61,10.6,10.59,1445,1400,2000,1300,2200,10.65,10.66,10.67,10.68,10.69,1500,800,1300,2400,2000,2019-10-01,34936.201
09:42:17.638000,10.64,10.63,10.62,10.61,10.6,1202,1168,1400,1900,2200,10.65,10.66,10.67,10.68,10.69,1100,800,1300,1700,2100,2019-10-01,34937.638
09:42:17.638000,10.64,10.63,10.62,10.61,10.6,1102,1168,1400,1900,2200,10.65,10.66,10.67,10.68,10.69,1100,800,1300,1700,2100,2019-10-01,34937.638
09:42:17.638000,10.64,10.63,10.62,10.61,10.6,1002,1168,1400,1900,2200,10.65,10.66,10.67,10.68,10.69,1100,800,1300,1700,2100,2019-10-01,34937.638
09:42:17.638000,10.64,10.63,10.62,10.61,10.6,883,1168,1400,1900,2200,10.65,10.66,10.67,10.68,10.69,1100,800,1300,1700,2100,2019-10-01,34937.638
09:42:17.762000,10.63,10.62,10.61,10.6,10.59,1166,1400,1900,2200,2100,10.65,10.66,10.67,10.68,10.69,1300,900,1400,1700,2100,2019-10-01,34937.762
09:42:18.205000,10.63,10.62,10.61,10.6,10.59,1438,1400,1900,2200,2200,10.64,10.65,10.66,10.67,10.68,1095,1400,900,1400,2500,2019-10-01,34938.205
09:42:19.949000,10.63,10.62,10.61,10.6,10.59,1538,1400,1900,1300,2200,10.65,10.66,10.67,10.68,10.69,1400,800,800,2800,2000,2019-10-01,34939.949
09:42:26.753000,10.64,10.63,10.62,10.61,10.6,68,1000,1400,1900,2100,10.65,10.66,10.67,10.68,10.69,1300,1000,900,1700,2100,2019-10-01,34946.753
09:42:26.753000,10.63,10.62,10.61,10.6,10.59,1000,1400,1900,2100,2100,10.65,10.66,10.67,10.68,10.69,1655,1000,900,1700,2100,2019-10-01,34946.753
09:42:27.256000,10.63,10.62,10.61,10.6,10.59,199,1400,1900,1200,2100,10.64,10.65,10.66,10.67,10.68,1847,1600,900,900,2900,2019-10-01,34947.256
09:42:27.256000,10.63,10.62,10.61,10.6,10.59,98,1400,1900,1200,2100,10.64,10.65,10.66,10.67,10.68,1847,1600,900,900,2900,2019-10-01,34947.256
09:42:27.256000,10.63,10.62,10.61,10.6,10.59,97,1400,1900,1200,2100,10.64,10.65,10.66,10.67,10.68,1847,1600,900,900,2900,2019-10-01,34947.256
09:42:27.256000,10.62,10.61,10.6,10.59,10.58,1400,1900,1200,2100,2000,10.64,10.65,10.66,10.67,10.68,1847,1600,900,900,2900,2019-10-01,34947.256
09:42:52.643000,10.63,10.62,10.61,10.6,10.59,1100,1400,1900,1200,2100,10.64,10.65,10.66,10.67,10.68,1355,1800,1000,1600,1700,2019-10-01,34972.643
09:43:00.985000,10.63,10.62,10.61,10.6,10.59,1102,1100,1600,1000,1900,10.64,10.65,10.66,10.67,10.68,400,1100,900,1500,1700,2019-10-01,34980.985
09:43:02.035000,10.63,10.62,10.61,10.6,10.59,872,1100,1700,1100,1900,10.64,10.65,10.66,10.67,10.68,300,1100,1000,1500,2200,2019-10-01,34982.035
09:43:02.035000,10.63,10.62,10.61,10.6,10.59,772,1100,1700,1100,1900,10.64,10.65,10.66,10.67,10.68,300,1100,1000,1500,2200,2019-10-01,34982.035
09:43:02.035000,10.63,10.62,10.61,10.6,10.59,702,1100,1700,1100,1900,10.64,10.65,10.66,10.67,10.68,300,1100,1000,1500,2200,2019-10-01,34982.035
09:43:02.037000,10.63,10.62,10.61,10.6,10.59,102,1100,1600,1000,1900,10.64,10.65,10.66,10.67,10.68,1100,1100,1000,1500,2200,2019-10-01,34982.037
09:43:02.037000,10.63,10.62,10.61,10.6,10.59,100,1100,1600,1000,1900,10.64,10.65,10.66,10.67,10.68,1100,1100,1000,1500,2200,2019-10-01,34982.037
09:43:02.037000,10.63,10.62,10.61,10.6,10.59,72,1100,1600,1000,1900,10.64,10.65,10.66,10.67,10.68,1100,1100,1000,1500,2200,2019-10-01,34982.037
09:43:02.037000,10.63,10.62,10.61,10.6,10.59,71,1100,1600,1000,1900,10.64,10.65,10.66,10.67,10.68,1100,1100,1000,1500,2200,2019-10-01,34982.037
09:43:02.039000,10.62,10.61,10.6,10.59,10.58,1100,1600,1000,1900,2000,10.64,10.65,10.66,10.67,10.68,1100,1100,1000,1500,2200,2019-10-01,34982.039
09:43:02.043000,10.63,10.62,10.61,10.6,10.59,100,1100,1600,1000,1900,10.64,10.65,10.66,10.67,10.68,1358,1100,1000,1500,2200,2019-10-01,34982.043
09:43:02.043000,10.62,10.61,10.6,10.59,10.58,1100,1600,1000,1900,2000,10.64,10.65,10.66,10.67,10.68,1358,1100,1000,1500,2200,2019-10-01,34982.043
09:43:03.381000,10.62,10.61,10.6,10.59,10.58,2600,1600,1100,900,2000,10.64,10.65,10.66,10.67,10.68,900,1100,1100,2500,2200,2019-10-01,34983.381
09:43:11.087000,10.63,10.62,10.61,10.6,10.59,1558,1300,1700,1000,1900,10.64,10.65,10.66,10.67,10.68,300,1100,800,1500,2200,2019-10-01,34991.087
09:43:11.087000,10.63,10.62,10.61,10.6,10.59,1558,1300,1700,1000,1900,10.64,10.65,10.66,10.67,10.68,200,1100,800,1500,2200,2019-10-01,34991.087
09:43:11.087000,10.63,10.62,10.61,10.6,10.59,1558,1300,1700,1000,1900,10.64,10.65,10.66,10.67,10.68,100,1100,800,1500,2200,2019-10-01,34991.087
09:43:11.087000,10.63,10.62,10.61,10.6,10.59,1558,1300,1700,1000,1900,10.65,10.66,10.67,10.68,10.69,1100,800,1500,2200,1500,2019-10-01,34991.087
09:44:03.769000,10.64,10.63,10.62,10.61,10.6,1826,1358,1000,1700,1900,10.66,10.67,10.68,10.69,10.7,1100,800,700,2500,700,2019-10-01,35043.769
09:44:04.682000,10.65,10.64,10.63,10.62,10.61,902,1200,1058,1000,2500,10.66,10.67,10.68,10.69,10.7,1100,700,900,1700,1500,2019-10-01,35044.682
09:44:04.682000,10.65,10.64,10.63,10.62,10.61,902,1200,1058,1000,2500,10.66,10.67,10.68,10.69,10.7,1000,700,900,1700,1500,2019-10-01,35044.682
09:44:04.682000,10.65,10.64,10.63,10.62,10.61,902,1200,1058,1000,2500,10.66,10.67,10.68,10.69,10.7,900,700,900,1700,1500,2019-10-01,35044.682
09:44:04.682000,10.65,10.64,10.63,10.62,10.61,902,1200,1058,1000,2500,10.66,10.67,10.68,10.69,10.7,800,700,900,1700,1500,2019-10-01,35044.682
09:44:04.682000,10.65,10.64,10.63,10.62,10.61,902,1200,1058,1000,2500,10.66,10.67,10.68,10.69,10.7,700,700,900,1700,1500,2019-10-01,35044.682
09:44:04.682000,10.65,10.64,10.63,10.62,10.61,902,1200,1058,1000,2500,10.66,10.67,10.68,10.69,10.7,600,700,900,1700,1500,2019-10-01,35044.682
09:44:04.682000,10.65,10.64,10.63,10.62,10.61,902,1200,1058,1000,2500,10.66,10.67,10.68,10.69,10.7,500,700,900,1700,1500,2019-10-01,35044.682
09:45:01.960000,10.65,10.64,10.63,10.62,10.61,1142,1300,1158,1000,2600,10.67,10.68,10.69,10.7,10.71,800,900,1700,1500,1300,2019-10-01,35101.96
09:45:07.856000,10.66,10.65,10.64,10.63,10.62,902,700,900,1058,2200,10.67,10.68,10.69,10.7,10.71,1300,1000,1000,1600,2000,2019-10-01,35107.856
09:45:07.856000,10.66,10.65,10.64,10.63,10.62,802,700,900,1058,2200,10.67,10.68,10.69,10.7,10.71,1300,1000,1000,1600,2000,2019-10-01,35107.856
09:45:07.856000,10.66,10.65,10.64,10.63,10.62,502,700,900,1058,2200,10.67,10.68,10.69,10.7,10.71,1300,1000,1000,1600,2000,2019-10-01,35107.856
09:45:07.856000,10.66,10.65,10.64,10.63,10.62,402,700,900,1058,2200,10.67,10.68,10.69,10.7,10.71,1300,1000,1000,1600,2000,2019-10-01,35107.856
09:45:07.856000,10.66,10.65,10.64,10.63,10.62,400,700,900,1058,2200,10.67,10.68,10.69,10.7,10.71,1300,1000,1000,1600,2000,2019-10-01,35107.856
09:45:07.856000,10.66,10.65,10.64,10.63,10.62,300,700,900,1058,2200,10.67,10.68,10.69,10.7,10.71,1300,1000,1000,1600,2000,2019-10-01,35107.856
09:45:07.856000,10.66,10.65,10.64,10.63,10.62,2,700,900,1058,2200,10.67,10.68,10.69,10.7,10.71,1300,1000,1000,1600,2000,2019-10-01,35107.856
09:45:07.856000,10.65,10.64,10.63,10.62,10.61,700,900,1058,2200,2500,10.67,10.68,10.69,10.7,10.71,1900,1000,1000,1600,2000,2019-10-01,35107.856
09:45:10.188000,10.65,10.64,10.63,10.62,10.61,100,900,1058,1300,2500,10.66,10.67,10.68,10.69,10.7,2966,1300,1100,1000,3100,2019-10-01,35110.188
09:45:10.188000,10.64,10.63,10.62,10.61,10.6,900,1058,1300,2500,1700,10.66,10.67,10.68,10.69,10.7,2966,1300,1100,1000,3100,2019-10-01,35110.188
09:46:12.460000,10.64,10.63,10.62,10.61,10.6,1686,1358,1000,1900,2300,10.66,10.67,10.68,10.69,10.7,2866,1400,1700,2500,1700,2019-10-01,35172.46
09:46:14.039000,10.65,10.64,10.63,10.62,10.61,802,1274,1358,1000,2800,10.66,10.67,10.68,10.69,10.7,3066,1400,1600,1600,1600,2019-10-01,35174.039
09:46:14.039000,10.65,10.64,10.63,10.62,10.61,522,1274,1358,1000,2800,10.66,10.67,10.68,10.69,10.7,3066,1400,1600,1600,1600,2019-10-01,35174.039
09:46:14.039000,10.64,10.63,10.62,10.61,10.6,1274,1358,1000,2800,2200,10.66,10.67,10.68,10.69,10.7,3306,1400,1600,1600,1600,2019-10-01,35174.039
09:46:39.520000,10.64,10.63,10.62,10.61,10.6,674,1358,1000,1900,1700,10.65,10.66,10.67,10.68,10.69,900,2966,1500,1600,2500,2019-10-01,35199.52
09:46:39.520000,10.64,10.63,10.62,10.61,10.6,574,1358,1000,1900,1700,10.65,10.66,10.67,10.68,10.69,900,2966,1500,1600,2500,2019-10-01,35199.52
09:46:39.520000,10.64,10.63,10.62,10.61,10.6,474,1358,1000,1900,1700,10.65,10.66,10.67,10.68,10.69,900,2966,1500,1600,2500,2019-10-01,35199.52
09:46:39.520000,10.64,10.63,10.62,10.61,10.6,400,1358,1000,1900,1700,10.65,10.66,10.67,10.68,10.69,900,2966,1500,1600,2500,2019-10-01,35199.52
09:46:39.520000,10.64,10.63,10.62,10.61,10.6,300,1358,1000,1900,1700,10.65,10.66,10.67,10.68,10.69,900,2966,1500,1600,2500,2019-10-01,35199.52
09:46:39.520000,10.64,10.63,10.62,10.61,10.6,100,1358,1000,1900,1700,10.65,10.66,10.67,10.68,10.69,900,2966,1500,1600,2500,2019-10-01,35199.52
09:46:39.520000,10.63,10.62,10.61,10.6,10.59,1358,1000,1900,1700,1700,10.65,10.66,10.67,10.68,10.69,900,2966,1500,1600,2500,2019-10-01,35199.52
09:47:04.411000,10.63,10.62,10.61,10.6,10.59,2010,1000,1900,1000,1900,10.64,10.65,10.66,10.67,10.68,100,1400,3166,1900,3200,2019-10-01,35224.411
09:47:04.411000,10.63,10.62,10.61,10.6,10.59,2010,1000,1900,1000,1900,10.65,10.66,10.67,10.68,10.69,1400,3166,1900,3200,1800,2019-10-01,35224.411
09:48:15.600000,10.64,10.63,10.62,10.61,10.6,1074,1658,900,1800,1800,10.65,10.66,10.67,10.68,10.69,2800,2666,1300,2100,1400,2019-10-01,35295.6
09:48:15.600000,10.64,10.63,10.62,10.61,10.6,974,1658,900,1800,1800,10.65,10.66,10.67,10.68,10.69,2800,2666,1300,2100,1400,2019-10-01,35295.6
09:48:15.600000,10.64,10.63,10.62,10.61,10.6,474,1658,900,1800,1800,10.65,10.66,10.67,10.68,10.69,2800,2666,1300,2100,1400,2019-10-01,35295.6
09:48:15.600000,10.64,10.63,10.62,10.61,10.6,401,1658,900,1800,1800,10.65,10.66,10.67,10.68,10.69,2800,2666,1300,2100,1400,2019-10-01,35295.6
09:48:15.600000,10.64,10.63,10.62,10.61,10.6,301,1658,900,1800,1800,10.65,10.66,10.67,10.68,10.69,2800,2666,1300,2100,1400,2019-10-01,35295.6
09:48:15.600000,10.64,10.63,10.62,10.61,10.6,101,1658,900,1800,1800,10.65,10.66,10.67,10.68,10.69,2800,2666,1300,2100,1400,2019-10-01,35295.6
09:48:15.600000,10.64,10.63,10.62,10.61,10.6,1,1658,900,1800,1800,10.65,10.66,10.67,10.68,10.69,2800,2666,1300,2100,1400,2019-10-01,35295.6
09:48:15.600000,10.63,10.62,10.61,10.6,10.59,1658,900,1800,1800,1600,10.65,10.66,10.67,10.68,10.69,2800,2666,1300,2100,1400,2019-10-01,35295.6
09:48:15.610000,10.63,10.62,10.61,10.6,10.59,1690,900,1800,1800,1600,10.64,10.65,10.66,10.67,10.68,1682,2440,2666,1300,2900,2019-10-01,35295.61
09:48:15.610000,10.63,10.62,10.61,10.6,10.59,1590,900,1800,1800,1600,10.64,10.65,10.66,10.67,10.68,1682,2440,2666,1300,2900,2019-10-01,35295.61
09:48:15.610000,10.63,10.62,10.61,10.6,10.59,1490,900,1800,1800,1600,10.64,10.65,10.66,10.67,10.68,1682,2440,2666,1300,2900,2019-10-01,35295.61
09:48:15.610000,10.63,10.62,10.61,10.6,10.59,1470,900,1800,1800,1600,10.64,10.65,10.66,10.67,10.68,1682,2440,2666,1300,2900,2019-10-01,35295.61
09:48:15.672000,10.63,10.62,10.61,10.6,10.59,680,900,1800,1800,1600,10.64,10.65,10.66,10.67,10.68,1982,2300,2666,1300,2900,2019-10-01,35295.672
09:48:15.734000,10.63,10.62,10.61,10.6,10.59,600,900,1800,1800,1600,10.64,10.65,10.66,10.67,10.68,1682,2300,2666,1300,2900,2019-10-01,35295.734
09:48:15.734000,10.63,10.62,10.61,10.6,10.59,500,900,1800,1800,1600,10.64,10.65,10.66,10.67,10.68,1682,2300,2666,1300,2900,2019-10-01,35295.734
09:48:15.734000,10.63,10.62,10.61,10.6,10.59,100,900,1800,1800,1600,10.64,10.65,10.66,10.67,10.68,1682,2300,2666,1300,2900,2019-10-01,35295.734
09:48:15.876000,10.62,10.61,10.6,10.59,10.58,5190,1800,1800,1700,1600,10.63,10.64,10.65,10.66,10.67,882,1882,2300,2666,2000,2019-10-01,35295.876
09:48:15.876000,10.62,10.61,10.6,10.59,10.58,5190,1800,1800,1700,1600,10.63,10.64,10.65,10.66,10.67,800,1882,2300,2666,2000,2019-10-01,35295.876
09:48:15.876000,10.62,10.61,10.6,10.59,10.58,5190,1800,1800,1700,1600,10.63,10.64,10.65,10.66,10.67,700,1882,2300,2666,2000,2019-10-01,35295.876
09:48:15.876000,10.62,10.61,10.6,10.59,10.58,5190,1800,1800,1700,1600,10.63,10.64,10.65,10.66,10.67,600,1882,2300,2666,2000,2019-10-01,35295.876
09:48:15.876000,10.62,10.61,10.6,10.59,10.58,5190,1800,1800,1700,1600,10.63,10.64,10.65,10.66,10.67,500,1882,2300,2666,2000,2019-10-01,35295.876
09:48:15.876000,10.62,10.61,10.6,10.59,10.58,5190,1800,1800,1700,1600,10.63,10.64,10.65,10.66,10.67,100,1882,2300,2666,2000,2019-10-01,35295.876
09:48:15.929000,10.63,10.62,10.61,10.6,10.59,3472,2100,1800,1800,1700,10.64,10.65,10.66,10.67,10.68,2900,2200,2666,2100,2200,2019-10-01,35295.929
09:48:15.929000,10.63,10.62,10.61,10.6,10.59,3372,2100,1800,1800,1700,10.64,10.65,10.66,10.67,10.68,2900,2200,2666,2100,2200,2019-10-01,35295.929
09:48:15.929000,10.63,10.62,10.61,10.6,10.59,3272,2100,1800,1800,1700,10.64,10.65,10.66,10.67,10.68,2900,2200,2666,2100,2200,2019-10-01,35295.929
09:48:15.929000,10.63,10.62,10.61,10.6,10.59,3190,2100,1800,1800,1700,10.64,10.65,10.66,10.67,10.68,2900,2200,2666,2100,2200,2019-10-01,35295.929
09:48:15.929000,10.63,10.62,10.61,10.6,10.59,3090,2100,1800,1800,1700,10.64,10.65,10.66,10.67,10.68,2900,2200,2666,2100,2200,2019-10-01,35295.929
09:48:15.929000,10.63,10.62,10.61,10.6,10.59,2090,2100,1800,1800,1700,10.64,10.65,10.66,10.67,10.68,2900,2200,2666,2100,2200,2019-10-01,35295.929
09:48:15.929000,10.63,10.62,10.61,10.6,10.59,1590,2100,1800,1800,1700,10.64,10.65,10.66,10.67,10.68,2900,2200,2666,2100,2200,2019-10-01,35295.929
09:48:15.929000,10.63,10.62,10.61,10.6,10.59,1490,2100,1800,1800,1700,10.64,10.65,10.66,10.67,10.68,2900,2200,2666,2100,2200,2019-10-01,35295.929
09:48:15.929000,10.63,10.62,10.61,10.6,10.59,1190,2100,1800,1800,1700,10.64,10.65,10.66,10.67,10.68,2900,2200,2666,2100,2200,2019-10-01,35295.929
09:48:15.929000,10.63,10.62,10.61,10.6,10.59,790,2100,1800,1800,1700,10.64,10.65,10.66,10.67,10.68,2900,2200,2666,2100,2200,2019-10-01,35295.929
09:48:15.929000,10.63,10.62,10.61,10.6,10.59,490,2100,1800,1800,1700,10.64,10.65,10.66,10.67,10.68,2900,2200,2666,2100,2200,2019-10-01,35295.929
09:48:15.929000,10.62,10.61,10.6,10.59,10.58,2100,1800,1800,1700,1600,10.64,10.65,10.66,10.67,10.68,2900,2200,2666,2100,2200,2019-10-01,35295.929
09:48:15.940000,10.62,10.61,10.6,10.59,10.58,2499,1800,1800,1700,1600,10.63,10.64,10.65,10.66,10.67,1282,1900,2200,2666,2100,2019-10-01,35295.94
09:48:16.290000,10.62,10.61,10.6,10.59,10.58,2400,1800,1000,1700,1600,10.63,10.64,10.65,10.66,10.67,1000,1800,2100,2666,2900,2019-10-01,35296.29
09:48:16.290000,10.62,10.61,10.6,10.59,10.58,2300,1800,1000,1700,1600,10.63,10.64,10.65,10.66,10.67,1000,1800,2100,2666,2900,2019-10-01,35296.29
09:48:16.290000,10.62,10.61,10.6,10.59,10.58,2200,1800,1000,1700,1600,10.63,10.64,10.65,10.66,10.67,1000,1800,2100,2666,2900,2019-10-01,35296.29
09:48:16.290000,10.62,10.61,10.6,10.59,10.58,2100,1800,1000,1700,1600,10.63,10.64,10.65,10.66,10.67,1000,1800,2100,2666,2900,2019-10-01,35296.29
09:48:16.290000,10.62,10.61,10.6,10.59,10.58,2000,1800,1000,1700,1600,10.63,10.64,10.65,10.66,10.67,1000,1800,2100,2666,2900,2019-10-01,35296.29
09:48:16.290000,10.62,10.61,10.6,10.59,10.58,1999,1800,1000,1700,1600,10.63,10.64,10.65,10.66,10.67,1000,1800,2100,2666,2900,2019-10-01,35296.29
09:48:17.142000,10.62,10.61,10.6,10.59,10.58,2199,1700,1000,800,2500,10.63,10.64,10.65,10.66,10.67,1200,1900,2100,2766,2800,2019-10-01,35297.142
09:48:17.142000,10.62,10.61,10.6,10.59,10.58,2199,1700,1000,800,2500,10.63,10.64,10.65,10.66,10.67,1100,1900,2100,2766,2800,2019-10-01,35297.142
09:48:17.142000,10.62,10.61,10.6,10.59,10.58,2199,1700,1000,800,2500,10.63,10.64,10.65,10.66,10.67,1000,1900,2100,2766,2800,2019-10-01,35297.142
09:48:17.142000,10.62,10.61,10.6,10.59,10.58,2199,1700,1000,800,2500,10.63,10.64,10.65,10.66,10.67,600,1900,2100,2766,2800,2019-10-01,35297.142
09:48:17.142000,10.62,10.61,10.6,10.59,10.58,2199,1700,1000,800,2500,10.63,10.64,10.65,10.66,10.67,400,1900,2100,2766,2800,2019-10-01,35297.142
09:48:17.142000,10.62,10.61,10.6,10.59,10.58,2199,1700,1000,800,2500,10.63,10.64,10.65,10.66,10.67,300,1900,2100,2766,2800,2019-10-01,35297.142
09:48:17.142000,10.62,10.61,10.6,10.59,10.58,2199,1700,1000,800,2500,10.63,10.64,10.65,10.66,10.67,200,1900,2100,2766,2800,2019-10-01,35297.142
09:48:17.142000,10.62,10.61,10.6,10.59,10.58,2199,1700,1000,800,2500,10.63,10.64,10.65,10.66,10.67,100,1900,2100,2766,2800,2019-10-01,35297.142
09:48:17.147000,10.62,10.61,10.6,10.59,10.58,3181,1700,1000,800,2500,10.64,10.65,10.66,10.67,10.68,1901,2100,2766,2800,2200,2019-10-01,35297.147
09:48:17.287000,10.63,10.62,10.61,10.6,10.59,2682,1899,1700,1000,1700,10.64,10.65,10.66,10.67,10.68,1901,2100,2766,2800,2100,2019-10-01,35297.287
09:48:17.287000,10.63,10.62,10.61,10.6,10.59,2582,1899,1700,1000,1700,10.64,10.65,10.66,10.67,10.68,1901,2100,2766,2800,2100,2019-10-01,35297.287
09:48:17.342000,10.63,10.62,10.61,10.6,10.59,1682,1899,1800,1000,1700,10.64,10.65,10.66,10.67,10.68,1901,2100,2766,2900,2100,2019-10-01,35297.342
09:48:28.750000,10.63,10.62,10.61,10.6,10.59,1600,1599,1800,2000,1800,10.64,10.65,10.66,10.67,10.68,2100,2100,2766,2400,2200,2019-10-01,35308.75
09:48:28.750000,10.63,10.62,10.61,10.6,10.59,1600,1599,1800,2000,1800,10.64,10.65,10.66,10.67,10.68,2000,2100,2766,2400,2200,2019-10-01,35308.75
09:48:28.750000,10.63,10.62,10.61,10.6,10.59,1600,1599,1800,2000,1800,10.64,10.65,10.66,10.67,10.68,1900,2100,2766,2400,2200,2019-10-01,35308.75
09:48:28.750000,10.63,10.62,10.61,10.6,10.59,1600,1599,1800,2000,1800,10.64,10.65,10.66,10.67,10.68,1800,2100,2766,2400,2200,2019-10-01,35308.75
09:48:28.750000,10.63,10.62,10.61,10.6,10.59,1600,1599,1800,2000,1800,10.64,10.65,10.66,10.67,10.68,1600,2100,2766,2400,2200,2019-10-01,35308.75
09:48:28.750000,10.63,10.62,10.61,10.6,10.59,2900,1599,1800,2000,1800,10.64,10.65,10.66,10.67,10.68,1100,2100,2766,2400,2200,2019-10-01,35308.75
09:48:28.750000,10.63,10.62,10.61,10.6,10.59,2900,1599,1800,2000,1800,10.64,10.65,10.66,10.67,10.68,900,2100,2766,2400,2200,2019-10-01,35308.75
09:48:28.750000,10.63,10.62,10.61,10.6,10.59,2900,1599,1800,2000,1800,10.64,10.65,10.66,10.67,10.68,600,2100,2766,2400,2200,2019-10-01,35308.75
09:48:28.750000,10.63,10.62,10.61,10.6,10.59,2900,1599,1800,2000,1800,10.64,10.65,10.66,10.67,10.68,500,2100,2766,2400,2200,2019-10-01,35308.75
09:48:28.750000,10.63,10.62,10.61,10.6,10.59,2900,1599,1800,2000,1800,10.65,10.66,10.67,10.68,10.69,2100,2766,2400,2200,1400,2019-10-01,35308.75
09:48:28.771000,10.63,10.62,10.61,10.6,10.59,2700,1899,1800,2000,1800,10.64,10.65,10.66,10.67,10.68,300,1600,2766,2400,2200,2019-10-01,35308.771
09:48:28.771000,10.63,10.62,10.61,10.6,10.59,2600,1899,1800,2000,1800,10.64,10.65,10.66,10.67,10.68,300,1600,2766,2400,2200,2019-10-01,35308.771
09:48:28.783000,10.63,10.62,10.61,10.6,10.59,2499,1899,1800,2000,1800,10.64,10.65,10.66,10.67,10.68,2300,1600,2766,2400,2200,2019-10-01,35308.783
09:48:29.288000,10.63,10.62,10.61,10.6,10.59,1699,1899,1800,2000,1800,10.64,10.65,10.66,10.67,10.68,1000,2100,2766,2400,2100,2019-10-01,35309.288
09:48:32.846000,10.63,10.62,10.61,10.6,10.59,1100,1799,1800,2000,1800,10.64,10.65,10.66,10.67,10.68,1200,2100,2766,2400,2100,2019-10-01,35312.846
09:48:32.846000,10.63,10.62,10.61,10.6,10.59,600,1799,1800,2000,1800,10.64,10.65,10.66,10.67,10.68,1200,2100,2766,2400,2100,2019-10-01,35312.846
09:48:32.846000,10.63,10.62,10.61,10.6,10.59,200,1799,1800,2000,1800,10.64,10.65,10.66,10.67,10.68,1200,2100,2766,2400,2100,2019-10-01,35312.846
09:48:32.846000,10.63,10.62,10.61,10.6,10.59,100,1799,1800,2000,1800,10.64,10.65,10.66,10.67,10.68,1200,2100,2766,2400,2100,2019-10-01,35312.846
09:48:32.846000,10.63,10.62,10.61,10.6,10.59,99,1799,1800,2000,1800,10.64,10.65,10.66,10.67,10.68,1200,2100,2766,2400,2100,2019-10-01,35312.846
09:48:32.847000,10.63,10.62,10.61,10.6,10.59,98,1699,1800,2000,1800,10.64,10.65,10.66,10.67,10.68,1600,2100,2766,2400,2100,2019-10-01,35312.847
09:48:32.847000,10.62,10.61,10.6,10.59,10.58,1699,1800,2000,1800,2500,10.64,10.65,10.66,10.67,10.68,2140,2100,2766,2500,2100,2019-10-01,35312.847
09:49:13.672000,10.61,10.6,10.59,10.58,10.57,1902,700,700,2100,1800,10.62,10.63,10.64,10.65,10.66,289,2883,2000,2100,4900,2019-10-01,35353.672
09:49:31.223000,10.61,10.6,10.59,10.58,10.57,2302,700,800,1800,1800,10.62,10.63,10.64,10.65,10.66,400,2683,2000,1700,4900,2019-10-01,35371.223
09:49:31.223000,10.61,10.6,10.59,10.58,10.57,2302,700,800,1800,1800,10.62,10.63,10.64,10.65,10.66,300,2683,2000,1700,4900,2019-10-01,35371.223
09:49:31.223000,10.61,10.6,10.59,10.58,10.57,2302,700,800,1800,1800,10.62,10.63,10.64,10.65,10.66,200,2683,2000,1700,4900,2019-10-01,35371.223
09:49:31.223000,10.61,10.6,10.59,10.58,10.57,2302,700,800,1800,1800,10.63,10.64,10.65,10.66,10.67,2683,2000,1700,4900,2100,2019-10-01,35371.223
09:49:45.693000,10.62,10.61,10.6,10.59,10.58,2102,2800,800,1800,1800,10.63,10.64,10.65,10.66,10.67,783,1700,1800,4300,2100,2019-10-01,35385.693
09:49:45.693000,10.62,10.61,10.6,10.59,10.58,2102,2800,800,1800,1800,10.63,10.64,10.65,10.66,10.67,700,1700,1800,4300,2100,2019-10-01,35385.693
09:49:45.693000,10.62,10.61,10.6,10.59,10.58,2102,2800,800,1800,1800,10.63,10.64,10.65,10.66,10.67,500,1700,1800,4300,2100,2019-10-01,35385.693
09:49:45.693000,10.62,10.61,10.6,10.59,10.58,2102,2800,800,1800,1800,10.63,10.64,10.65,10.66,10.67,183,1700,1800,4300,2100,2019-10-01,35385.693
09:49:45.696000,10.62,10.61,10.6,10.59,10.58,2502,2900,800,1800,1800,10.63,10.64,10.65,10.66,10.67,183,1700,1800,4300,2100,2019-10-01,35385.696
09:49:50.154000,10.62,10.61,10.6,10.59,10.58,2302,2800,800,1800,1800,10.63,10.64,10.65,10.66,10.67,100,1700,1700,4300,2100,2019-10-01,35390.154
09:49:50.154000,10.62,10.61,10.6,10.59,10.58,2302,2800,800,1800,1800,10.64,10.65,10.66,10.67,10.68,1700,1700,4300,2100,1600,2019-10-01,35390.154
09:50:04.951000,10.63,10.62,10.61,10.6,10.59,1863,2800,2500,1700,1900,10.64,10.65,10.66,10.67,10.68,300,1700,3200,1600,2800,2019-10-01,35404.951
09:50:04.951000,10.63,10.62,10.61,10.6,10.59,1863,2800,2500,1700,1900,10.64,10.65,10.66,10.67,10.68,200,1700,3200,1600,2800,2019-10-01,35404.951
09:50:04.951000,10.63,10.62,10.61,10.6,10.59,1863,2800,2500,1700,1900,10.64,10.65,10.66,10.67,10.68,100,1700,3200,1600,2800,2019-10-01,35404.951
09:50:23.035000,10.63,10.62,10.61,10.6,10.59,102,2700,2300,2000,2100,10.64,10.65,10.66,10.67,10.68,1300,1900,3000,2000,3200,2019-10-01,35423.035
09:50:23.035000,10.63,10.62,10.61,10.6,10.59,100,2700,2300,2000,2100,10.64,10.65,10.66,10.67,10.68,1300,1900,3000,2000,3200,2019-10-01,35423.035
09:50:23.035000,10.62,10.61,10.6,10.59,10.58,2700,2300,2000,2100,2700,10.64,10.65,10.66,10.67,10.68,1300,1900,3000,2000,3200,2019-10-01,35423.035
09:50:23.046000,10.62,10.61,10.6,10.59,10.58,2561,2300,2000,2100,2800,10.63,10.64,10.65,10.66,10.67,2491,2400,2000,3000,2800,2019-10-01,35423.046
09:52:11.197000,10.62,10.61,10.6,10.59,10.58,301,2200,900,2100,2700,10.63,10.64,10.65,10.66,10.67,1900,2600,2300,3400,3800,2019-10-01,35531.197
09:52:11.197000,10.62,10.61,10.6,10.59,10.58,300,2200,900,2100,2700,10.63,10.64,10.65,10.66,10.67,1900,2600,2300,3400,3800,2019-10-01,35531.197
09:52:11.197000,10.62,10.61,10.6,10.59,10.58,200,2200,900,2100,2700,10.63,10.64,10.65,10.66,10.67,1900,2600,2300,3400,3800,2019-10-01,35531.197
09:52:11.197000,10.62,10.61,10.6,10.59,10.58,100,2200,900,2100,2700,10.63,10.64,10.65,10.66,10.67,1900,2600,2300,3400,3800,2019-10-01,35531.197
09:52:11.197000,10.61,10.6,10.59,10.58,10.57,2200,900,2100,2700,900,10.63,10.64,10.65,10.66,10.67,1900,2600,2300,3400,3800,2019-10-01,35531.197
09:52:26.637000,10.61,10.6,10.59,10.58,10.57,100,900,1200,2800,900,10.62,10.63,10.64,10.65,10.66,5197,1700,3200,2500,5100,2019-10-01,35546.637
09:52:26.637000,10.61,10.6,10.59,10.58,10.57,12,900,1200,2800,900,10.62,10.63,10.64,10.65,10.66,5197,1700,3200,2500,5100,2019-10-01,35546.637
09:52:26.637000,10.61,10.6,10.59,10.58,10.57,11,900,1200,2800,900,10.62,10.63,10.64,10.65,10.66,5097,1700,3200,2500,5100,2019-10-01,35546.637
09:52:26.637000,10.61,10.6,10.59,10.58,10.57,10,900,1200,2800,900,10.62,10.63,10.64,10.65,10.66,5797,1700,3200,2500,5100,2019-10-01,35546.637
09:52:26.638000,10.6,10.59,10.58,10.57,10.56,900,1200,2800,900,1900,10.62,10.63,10.64,10.65,10.66,4097,1700,3200,2500,5100,2019-10-01,35546.638
09:53:29.688000,10.6,10.59,10.58,10.57,10.56,1400,900,1100,2200,2500,10.61,10.62,10.63,10.64,10.65,500,3597,2100,3300,3900,2019-10-01,35609.688
09:53:29.688000,10.6,10.59,10.58,10.57,10.56,1400,900,1100,2200,2500,10.61,10.62,10.63,10.64,10.65,400,3597,2100,3300,3900,2019-10-01,35609.688
09:53:29.688000,10.6,10.59,10.58,10.57,10.56,1400,900,1100,2200,2500,10.61,10.62,10.63,10.64,10.65,300,3597,2100,3300,3900,2019-10-01,35609.688
09:53:29.688000,10.6,10.59,10.58,10.57,10.56,1400,900,1100,2200,2500,10.61,10.62,10.63,10.64,10.65,200,3597,2100,3300,3900,2019-10-01,35609.688
09:53:29.688000,10.6,10.59,10.58,10.57,10.56,1400,900,1100,2200,2500,10.61,10.62,10.63,10.64,10.65,100,3597,2100,3300,3900,2019-10-01,35609.688
09:53:29.688000,10.6,10.59,10.58,10.57,10.56,2300,900,1100,2200,2500,10.62,10.63,10.64,10.65,10.66,3597,2100,3300,3900,3600,2019-10-01,35609.688
09:53:49.883000,10.61,10.6,10.59,10.58,10.57,2200,1900,1100,2300,3000,10.62,10.63,10.64,10.65,10.66,307,2400,3300,3400,3500,2019-10-01,35629.883
09:53:49.883000,10.61,10.6,10.59,10.58,10.57,2200,1900,1100,2300,3000,10.62,10.63,10.64,10.65,10.66,207,2400,3300,3400,3500,2019-10-01,35629.883
09:53:49.883000,10.61,10.6,10.59,10.58,10.57,2200,1900,1100,2300,3000,10.62,10.63,10.64,10.65,10.66,107,2400,3300,3400,3500,2019-10-01,35629.883
09:53:49.883000,10.61,10.6,10.59,10.58,10.57,2200,1900,1100,2300,3000,10.62,10.63,10.64,10.65,10.66,100,2400,3300,3400,3500,2019-10-01,35629.883
09:53:49.883000,10.61,10.6,10.59,10.58,10.57,2200,1900,1100,2300,3000,10.62,10.63,10.64,10.65,10.66,7,2400,3300,3400,3500,2019-10-01,35629.883
09:53:49.883000,10.61,10.6,10.59,10.58,10.57,3100,1900,1100,2300,3000,10.63,10.64,10.65,10.66,10.67,2400,3300,3400,3500,2300,2019-10-01,35629.883
09:54:13.180000,10.62,10.61,10.6,10.59,10.58,1000,2500,1800,2100,2900,10.63,10.64,10.65,10.66,10.67,1605,2100,2700,3100,3200,2019-10-01,35653.18
09:54:13.180000,10.62,10.61,10.6,10.59,10.58,900,2500,1800,2100,2900,10.63,10.64,10.65,10.66,10.67,1605,2100,2700,3100,3200,2019-10-01,35653.18
09:54:13.180000,10.62,10.61,10.6,10.59,10.58,800,2500,1800,2100,2900,10.63,10.64,10.65,10.66,10.67,1605,2100,2700,3100,3200,2019-10-01,35653.18
09:54:13.180000,10.62,10.61,10.6,10.59,10.58,700,2500,1800,2100,2900,10.63,10.64,10.65,10.66,10.67,1605,2100,2700,3100,3200,2019-10-01,35653.18
09:54:13.180000,10.62,10.61,10.6,10.59,10.58,600,2500,1800,2100,2900,10.63,10.64,10.65,10.66,10.67,1605,2100,2700,3100,3200,2019-10-01,35653.18
09:54:13.180000,10.62,10.61,10.6,10.59,10.58,100,2500,1800,2100,2900,10.63,10.64,10.65,10.66,10.67,1605,2100,2700,3100,3200,2019-10-01,35653.18
09:54:13.180000,10.61,10.6,10.59,10.58,10.57,2500,1800,2100,2900,1800,10.63,10.64,10.65,10.66,10.67,1605,2100,2700,3100,3200,2019-10-01,35653.18
09:54:13.181000,10.62,10.61,10.6,10.59,10.58,553,1900,1800,2100,2900,10.63,10.64,10.65,10.66,10.67,5105,2100,2700,3100,3200,2019-10-01,35653.181
09:54:13.181000,10.62,10.61,10.6,10.59,10.58,500,1900,1800,2100,2900,10.63,10.64,10.65,10.66,10.67,5105,2100,2700,3100,3200,2019-10-01,35653.181
09:54:13.183000,10.62,10.61,10.6,10.59,10.58,490,1900,1800,2100,2900,10.63,10.64,10.65,10.66,10.67,4405,2200,2800,3100,3200,2019-10-01,35653.183
09:54:13.183000,10.62,10.61,10.6,10.59,10.58,489,1900,1800,2100,2900,10.63,10.64,10.65,10.66,10.67,4405,2200,2800,3100,3200,2019-10-01,35653.183
09:54:13.183000,10.62,10.61,10.6,10.59,10.58,488,1900,1800,2100,2900,10.63,10.64,10.65,10.66,10.67,4405,2200,2800,3100,3200,2019-10-01,35653.183
09:54:13.183000,10.62,10.61,10.6,10.59,10.58,398,1900,1800,2100,2900,10.63,10.64,10.65,10.66,10.67,4405,2200,2800,3100,3200,2019-10-01,35653.183
09:55:39.969000,10.62,10.61,10.6,10.59,10.58,3230,2500,2000,2200,2800,10.63,10.64,10.65,10.66,10.67,505,1600,2200,3100,4000,2019-10-01,35739.969
09:55:39.969000,10.62,10.61,10.6,10.59,10.58,3230,2500,2000,2200,2800,10.63,10.64,10.65,10.66,10.67,405,1600,2200,3100,4000,2019-10-01,35739.969
09:55:39.969000,10.62,10.61,10.6,10.59,10.58,3230,2500,2000,2200,2800,10.63,10.64,10.65,10.66,10.67,400,1600,2200,3100,4000,2019-10-01,35739.969
09:55:39.969000,10.62,10.61,10.6,10.59,10.58,3230,2500,2000,2200,2800,10.63,10.64,10.65,10.66,10.67,200,1600,2200,3100,4000,2019-10-01,35739.969
09:55:39.969000,10.62,10.61,10.6,10.59,10.58,3230,2500,2000,2200,2800,10.63,10.64,10.65,10.66,10.67,100,1600,2200,3100,4000,2019-10-01,35739.969
09:55:39.969000,10.62,10.61,10.6,10.59,10.58,3230,2500,2000,2200,2800,10.64,10.65,10.66,10.67,10.68,1600,2200,3100,4000,1800,2019-10-01,35739.969
09:55:42.602000,10.63,10.62,10.61,10.6,10.59,3630,2500,2000,2900,2900,10.64,10.65,10.66,10.67,10.68,901,1600,3200,3200,1800,2019-10-01,35742.602
09:55:42.602000,10.63,10.62,10.61,10.6,10.59,3630,2500,2000,2900,2900,10.64,10.65,10.66,10.67,10.68,801,1600,3200,3200,1800,2019-10-01,35742.602
09:55:42.626000,10.63,10.62,10.61,10.6,10.59,4230,2500,2000,3000,2900,10.64,10.65,10.66,10.67,10.68,201,1600,3200,3200,1800,2019-10-01,35742.626
09:55:42.626000,10.63,10.62,10.61,10.6,10.59,4230,2500,2000,3000,2900,10.64,10.65,10.66,10.67,10.68,101,1600,3200,3200,1800,2019-10-01,35742.626
09:55:42.626000,10.63,10.62,10.61,10.6,10.59,4230,2500,2000,3000,2900,10.64,10.65,10.66,10.67,10.68,100,1600,3200,3200,1800,2019-10-01,35742.626
09:55:42.626000,10.63,10.62,10.61,10.6,10.59,4230,2500,2000,3000,2900,10.64,10.65,10.66,10.67,10.68,1,1600,3200,3200,1800,2019-10-01,35742.626
09:55:43.475000,10.64,10.63,10.62,10.61,10.6,1530,3400,1700,2800,2900,10.65,10.66,10.67,10.68,10.69,2200,3200,2400,1100,2400,2019-10-01,35743.475
09:55:43.475000,10.64,10.63,10.62,10.61,10.6,1530,3400,1700,2800,2900,10.65,10.66,10.67,10.68,10.69,2100,3200,2400,1100,2400,2019-10-01,35743.475
09:55:43.475000,10.64,10.63,10.62,10.61,10.6,1530,3400,1700,2800,2900,10.65,10.66,10.67,10.68,10.69,2000,3200,2400,1100,2400,2019-10-01,35743.475
09:55:43.475000,10.64,10.63,10.62,10.61,10.6,1530,3400,1700,2800,2900,10.65,10.66,10.67,10.68,10.69,1600,3200,2400,1100,2400,2019-10-01,35743.475
09:55:43.475000,10.64,10.63,10.62,10.61,10.6,1530,3400,1700,2800,2900,10.65,10.66,10.67,10.68,10.69,1400,3200,2400,1100,2400,2019-10-01,35743.475
09:55:43.475000,10.64,10.63,10.62,10.61,10.6,1530,3400,1700,2800,2900,10.65,10.66,10.67,10.68,10.69,1300,3200,2400,1100,2400,2019-10-01,35743.475
09:55:43.475000,10.64,10.63,10.62,10.61,10.6,1530,3400,1700,2800,2900,10.65,10.66,10.67,10.68,10.69,1200,3200,2400,1100,2400,2019-10-01,35743.475
09:55:43.475000,10.64,10.63,10.62,10.61,10.6,1530,3400,1700,2800,2900,10.65,10.66,10.67,10.68,10.69,700,3200,2400,1100,2400,2019-10-01,35743.475
09:55:43.475000,10.64,10.63,10.62,10.61,10.6,1530,3400,1700,2800,2900,10.65,10.66,10.67,10.68,10.69,600,3200,2400,1100,2400,2019-10-01,35743.475
09:55:43.475000,10.64,10.63,10.62,10.61,10.6,1530,3400,1700,2800,2900,10.65,10.66,10.67,10.68,10.69,400,3200,2400,1100,2400,2019-10-01,35743.475
09:55:56.394000,10.64,10.63,10.62,10.61,10.6,2530,3600,1800,3300,2800,10.65,10.66,10.67,10.68,10.69,415,2600,1400,900,2400,2019-10-01,35756.394
09:55:56.394000,10.64,10.63,10.62,10.61,10.6,2530,3600,1800,3300,2800,10.65,10.66,10.67,10.68,10.69,315,2600,1400,900,2400,2019-10-01,35756.394
09:55:56.394000,10.64,10.63,10.62,10.61,10.6,2530,3600,1800,3300,2800,10.65,10.66,10.67,10.68,10.69,300,2600,1400,900,2400,2019-10-01,35756.394
09:55:56.394000,10.64,10.63,10.62,10.61,10.6,2530,3600,1800,3300,2800,10.65,10.66,10.67,10.68,10.69,200,2600,1400,900,2400,2019-10-01,35756.394
09:55:56.394000,10.64,10.63,10.62,10.61,10.6,2530,3600,1800,3300,2800,10.65,10.66,10.67,10.68,10.69,100,2600,1400,900,2400,2019-10-01,35756.394
09:55:56.394000,10.64,10.63,10.62,10.61,10.6,3130,3600,1800,3300,2800,10.66,10.67,10.68,10.69,10.7,2600,1400,900,2400,800,2019-10-01,35756.394
09:55:56.479000,10.65,10.64,10.63,10.62,10.61,1600,3430,3000,2700,3300,10.66,10.67,10.68,10.69,10.7,2200,1400,900,2300,900,2019-10-01,35756.479
09:55:56.481000,10.65,10.64,10.63,10.62,10.61,1100,3430,3000,2700,3300,10.66,10.67,10.68,10.69,10.7,3000,1400,900,2400,900,2019-10-01,35756.481
09:55:56.481000,10.65,10.64,10.63,10.62,10.61,1000,3430,3000,2700,3300,10.66,10.67,10.68,10.69,10.7,3000,1400,900,2400,900,2019-10-01,35756.481
09:55:56.481000,10.65,10.64,10.63,10.62,10.61,900,3430,3000,2700,3300,10.66,10.67,10.68,10.69,10.7,3000,1400,900,2400,900,2019-10-01,35756.481
09:55:56.481000,10.65,10.64,10.63,10.62,10.61,800,3430,3000,2700,3300,10.66,10.67,10.68,10.69,10.7,3000,1400,900,2400,900,2019-10-01,35756.481
09:55:56.481000,10.65,10.64,10.63,10.62,10.61,700,3430,3000,2700,3300,10.66,10.67,10.68,10.69,10.7,3000,1400,900,2400,900,2019-10-01,35756.481
09:55:56.481000,10.65,10.64,10.63,10.62,10.61,600,3430,3000,2700,3300,10.66,10.67,10.68,10.69,10.7,3000,1400,900,2400,900,2019-10-01,35756.481
09:55:56.481000,10.65,10.64,10.63,10.62,10.61,100,3430,3000,2700,3300,10.66,10.67,10.68,10.69,10.7,3000,1400,900,2400,900,2019-10-01,35756.481
09:55:56.481000,10.64,10.63,10.62,10.61,10.6,3430,3000,2700,3300,3500,10.66,10.67,10.68,10.69,10.7,3000,1400,900,2400,900,2019-10-01,35756.481
09:56:19.954000,10.64,10.63,10.62,10.61,10.6,2800,3000,1800,3300,3600,10.65,10.66,10.67,10.68,10.69,1009,3500,1400,900,3300,2019-10-01,35779.954
09:56:19.954000,10.64,10.63,10.62,10.61,10.6,3600,3000,1800,3300,3600,10.65,10.66,10.67,10.68,10.69,209,3500,1400,900,3300,2019-10-01,35779.954
09:56:19.954000,10.64,10.63,10.62,10.61,10.6,3600,3000,1800,3300,3600,10.65,10.66,10.67,10.68,10.69,9,3500,1400,900,3300,2019-10-01,35779.954
09:56:19.954000,10.64,10.63,10.62,10.61,10.6,3600,3000,1800,3300,3600,10.66,10.67,10.68,10.69,10.7,3500,1400,900,3300,800,2019-10-01,35779.954
09:56:25.090000,10.65,10.64,10.63,10.62,10.61,200,2100,3000,2600,3300,10.66,10.67,10.68,10.69,10.7,5303,1500,1100,2400,1800,2019-10-01,35785.09
09:56:25.090000,10.65,10.64,10.63,10.62,10.61,100,2100,3000,2600,3300,10.66,10.67,10.68,10.69,10.7,5303,1500,1100,2400,1800,2019-10-01,35785.09
09:56:25.090000,10.64,10.63,10.62,10.61,10.6,2100,3000,2600,3300,3500,10.66,10.67,10.68,10.69,10.7,5303,1500,1100,2400,1800,2019-10-01,35785.09
09:56:50.044000,10.64,10.63,10.62,10.61,10.6,100,2800,1700,3200,3500,10.65,10.66,10.67,10.68,10.69,3403,4700,2000,1700,3300,2019-10-01,35810.044
09:56:50.044000,10.63,10.62,10.61,10.6,10.59,2800,1700,3200,3500,1900,10.65,10.66,10.67,10.68,10.69,4403,4700,2000,1700,3300,2019-10-01,35810.044
09:57:24.955000,10.63,10.62,10.61,10.6,10.59,3000,1700,2000,3900,2000,10.64,10.65,10.66,10.67,10.68,403,3400,3000,2400,2600,2019-10-01,35844.955
09:57:24.955000,10.63,10.62,10.61,10.6,10.59,3000,1700,2000,3900,2000,10.64,10.65,10.66,10.67,10.68,303,3400,3000,2400,2600,2019-10-01,35844.955
09:57:24.955000,10.63,10.62,10.61,10.6,10.59,4100,1700,2000,3900,2000,10.64,10.65,10.66,10.67,10.68,100,3400,3000,2400,2600,2019-10-01,35844.955
09:57:24.955000,10.63,10.62,10.61,10.6,10.59,4100,1700,2000,3900,2000,10.64,10.65,10.66,10.67,10.68,3,3400,3000,2400,2600,2019-10-01,35844.955
09:58:32.664000,10.63,10.62,10.61,10.6,10.59,300,900,900,3000,1900,10.64,10.65,10.66,10.67,10.68,957,3000,2300,1800,2600,2019-10-01,35912.664
09:58:32.664000,10.63,10.62,10.61,10.6,10.59,100,900,900,3000,1900,10.64,10.65,10.66,10.67,10.68,957,3000,2300,1800,2600,2019-10-01,35912.664
09:58:32.664000,10.62,10.61,10.6,10.59,10.58,900,900,3000,1900,1100,10.64,10.65,10.66,10.67,10.68,957,3000,2300,1800,2600,2019-10-01,35912.664
10:00:00.021000,10.6,10.59,10.58,10.57,10.56,375,200,700,300,900,10.61,10.62,10.63,10.64,10.65,224,900,500,500,1600,2019-10-01,36000.021
10:00:00.022000,10.6,10.59,10.58,10.57,10.56,75,200,700,300,900,10.61,10.62,10.63,10.64,10.65,224,900,500,500,1600,2019-10-01,36000.022
10:00:00.022000,10.59,10.58,10.57,10.56,10.55,200,700,300,900,533,10.61,10.62,10.63,10.64,10.65,224,900,500,500,1600,2019-10-01,36000.022
10:00:01.109000,10.57,10.56,10.55,10.54,10.53,600,200,433,900,200,10.59,10.6,10.61,10.62,10.63,600,624,600,500,600,2019-10-01,36001.109
10:00:05.052000,10.57,10.56,10.55,10.54,10.53,300,300,533,1400,400,10.58,10.59,10.6,10.61,10.62,300,755,700,700,800,2019-10-01,36005.052
10:00:05.052000,10.57,10.56,10.55,10.54,10.53,300,300,533,1400,400,10.58,10.59,10.6,10.61,10.62,224,755,700,700,800,2019-10-01,36005.052
10:00:05.052000,10.57,10.56,10.55,10.54,10.53,300,300,533,1400,400,10.58,10.59,10.6,10.61,10.62,100,755,700,700,800,2019-10-01,36005.052
10:00:05.052000,10.57,10.56,10.55,10.54,10.53,300,300,533,1400,400,10.59,10.6,10.61,10.62,10.63,755,700,700,800,1300,2019-10-01,36005.052
10:00:08.314000,10.58,10.57,10.56,10.55,10.54,300,300,200,533,1400,10.59,10.6,10.61,10.62,10.63,1286,400,400,600,1200,2019-10-01,36008.314
10:00:08.314000,10.58,10.57,10.56,10.55,10.54,153,300,200,533,1400,10.59,10.6,10.61,10.62,10.63,1286,400,400,600,1200,2019-10-01,36008.314
10:00:08.588000,10.57,10.56,10.55,10.54,10.53,100,300,533,1400,300,10.58,10.59,10.6,10.61,10.62,1463,1400,400,400,700,2019-10-01,36008.588
10:00:08.588000,10.56,10.55,10.54,10.53,10.52,300,533,1400,300,100,10.58,10.59,10.6,10.61,10.62,1463,1400,400,400,700,2019-10-01,36008.588
10:00:08.704000,10.56,10.55,10.54,10.53,10.52,800,533,700,300,800,10.57,10.58,10.59,10.6,10.61,463,1477,1300,500,400,2019-10-01,36008.704
10:00:08.704000,10.56,10.55,10.54,10.53,10.52,1000,533,700,300,800,10.57,10.58,10.59,10.6,10.61,36,1477,1300,500,400,2019-10-01,36008.704
10:00:08.704000,10.56,10.55,10.54,10.53,10.52,1000,533,700,300,800,10.57,10.58,10.59,10.6,10.61,5,1477,1300,500,400,2019-10-01,36008.704
10:00:08.704000,10.56,10.55,10.54,10.53,10.52,1000,533,700,300,800,10.58,10.59,10.6,10.61,10.62,1477,1300,500,400,1200,2019-10-01,36008.704
10:00:14.201000,10.57,10.56,10.55,10.54,10.53,1700,900,633,1500,1100,10.58,10.59,10.6,10.61,10.62,100,1300,600,1200,1200,2019-10-01,36014.201
10:00:14.201000,10.57,10.56,10.55,10.54,10.53,1900,900,633,1500,1100,10.59,10.6,10.61,10.62,10.63,1300,600,1200,1200,500,2019-10-01,36014.201
10:00:17.223000,10.58,10.57,10.56,10.55,10.54,1000,1300,1100,1533,2400,10.59,10.6,10.61,10.62,10.63,51,600,500,2000,500,2019-10-01,36017.223
10:00:17.223000,10.58,10.57,10.56,10.55,10.54,1000,1300,1100,1533,2400,10.59,10.6,10.61,10.62,10.63,50,600,500,2000,500,2019-10-01,36017.223
10:00:17.223000,10.58,10.57,10.56,10.55,10.54,1000,1300,1100,1533,2400,10.6,10.61,10.62,10.63,10.64,600,500,2000,500,1300,2019-10-01,36017.223
10:00:20.783000,10.59,10.58,10.57,10.56,10.55,600,1000,700,2000,2233,10.6,10.61,10.62,10.63,10.64,1150,400,700,1500,2400,2019-10-01,36020.783
10:00:20.783000,10.59,10.58,10.57,10.56,10.55,500,1000,700,2000,2233,10.6,10.61,10.62,10.63,10.64,1150,400,700,1500,2400,2019-10-01,36020.783
10:00:20.783000,10.59,10.58,10.57,10.56,10.55,300,1000,700,2000,2233,10.6,10.61,10.62,10.63,10.64,1150,400,700,1500,2400,2019-10-01,36020.783
10:00:20.783000,10.58,10.57,10.56,10.55,10.54,1000,700,2000,2233,1800,10.6,10.61,10.62,10.63,10.64,1150,400,700,1500,2400,2019-10-01,36020.783
10:00:51.581000,10.57,10.56,10.55,10.54,10.53,1100,700,433,1100,1700,10.59,10.6,10.61,10.62,10.63,1100,900,1400,1500,2200,2019-10-01,36051.581
10:00:58.176000,10.57,10.56,10.55,10.54,10.53,900,1000,1433,1800,300,10.58,10.59,10.6,10.61,10.62,500,1000,1200,500,1400,2019-10-01,36058.176
10:00:58.176000,10.57,10.56,10.55,10.54,10.53,900,1000,1433,1800,300,10.58,10.59,10.6,10.61,10.62,400,1000,1200,500,1400,2019-10-01,36058.176
10:01:00.022000,10.56,10.55,10.54,10.53,10.52,900,886,1800,1000,1200,10.57,10.58,10.59,10.6,10.61,617,1110,1200,1200,1300,2019-10-01,36060.022
10:01:00.022000,10.56,10.55,10.54,10.53,10.52,900,886,1800,1000,1200,10.57,10.58,10.59,10.6,10.61,117,1110,1200,1200,1300,2019-10-01,36060.022
10:01:00.022000,10.56,10.55,10.54,10.53,10.52,900,886,1800,1000,1200,10.57,10.58,10.59,10.6,10.61,17,1110,1200,1200,1300,2019-10-01,36060.022
10:01:00.022000,10.56,10.55,10.54,10.53,10.52,900,886,1800,1000,1200,10.58,10.59,10.6,10.61,10.62,1110,1200,1200,1300,1400,2019-10-01,36060.022
10:01:00.022000,10.56,10.55,10.54,10.53,10.52,1100,886,1800,1000,1200,10.58,10.59,10.6,10.61,10.62,1110,1200,1200,1300,1400,2019-10-01,36060.022
10:01:00.022000,10.56,10.55,10.54,10.53,10.52,1425,886,1800,1000,1200,10.57,10.58,10.59,10.6,10.61,425,1110,1200,1200,1300,2019-10-01,36060.022
10:01:00.022000,10.56,10.55,10.54,10.53,10.52,1425,886,1800,1000,1200,10.57,10.58,10.59,10.6,10.61,261,1110,1200,1200,1300,2019-10-01,36060.022
10:01:00.023000,10.56,10.55,10.54,10.53,10.52,1425,833,1800,1000,1200,10.57,10.58,10.59,10.6,10.61,217,1110,1200,1200,1300,2019-10-01,36060.023
10:02:00.151000,10.57,10.56,10.55,10.54,10.53,2300,1300,733,1500,2100,10.58,10.59,10.6,10.61,10.62,314,1400,1500,1500,1500,2019-10-01,36120.151
10:02:00.151000,10.57,10.56,10.55,10.54,10.53,2300,1300,733,1500,2100,10.58,10.59,10.6,10.61,10.62,210,1400,1500,1500,1500,2019-10-01,36120.151
10:02:00.151000,10.57,10.56,10.55,10.54,10.53,2200,1300,733,1500,2100,10.58,10.59,10.6,10.61,10.62,14,1400,1500,1500,1500,2019-10-01,36120.151
10:02:00.151000,10.57,10.56,10.55,10.54,10.53,2200,1300,733,1500,2100,10.59,10.6,10.61,10.62,10.63,1400,1500,1500,1500,1500,2019-10-01,36120.151
10:02:07.475000,10.58,10.57,10.56,10.55,10.54,100,1600,1500,1533,3000,10.59,10.6,10.61,10.62,10.63,1810,1500,700,1600,1400,2019-10-01,36127.475
10:02:07.475000,10.57,10.56,10.55,10.54,10.53,1600,1500,1533,3000,600,10.59,10.6,10.61,10.62,10.63,1810,1500,700,1600,1400,2019-10-01,36127.475
10:02:39.701000,10.56,10.55,10.54,10.53,10.52,44,833,400,1500,2100,10.57,10.58,10.59,10.6,10.61,2610,1800,2000,2600,1700,2019-10-01,36159.701
10:02:39.703000,10.56,10.55,10.54,10.53,10.52,25,833,400,1500,2100,10.57,10.58,10.59,10.6,10.61,3610,1800,2100,2600,2000,2019-10-01,36159.703
10:02:39.704000,10.56,10.55,10.54,10.53,10.52,24,833,400,1500,2100,10.57,10.58,10.59,10.6,10.61,3610,1800,2100,2600,2000,2019-10-01,36159.704
10:02:39.704000,10.56,10.55,10.54,10.53,10.52,23,833,400,1500,2100,10.57,10.58,10.59,10.6,10.61,3610,1800,2100,2600,2000,2019-10-01,36159.704
10:02:40.852000,10.55,10.54,10.53,10.52,10.51,833,400,1500,2100,600,10.57,10.58,10.59,10.6,10.61,3610,1800,2100,2600,2000,2019-10-01,36160.852
10:02:41.958000,10.55,10.54,10.53,10.52,10.51,1433,600,600,2200,700,10.56,10.57,10.58,10.59,10.6,800,2710,1800,2800,2500,2019-10-01,36161.958
10:02:58.104000,10.55,10.54,10.53,10.52,10.51,1133,500,600,2100,700,10.56,10.57,10.58,10.59,10.6,448,2910,1800,3000,2600,2019-10-01,36178.104
10:02:58.104000,10.55,10.54,10.53,10.52,10.51,1133,500,600,2100,700,10.56,10.57,10.58,10.59,10.6,348,2910,1800,3000,2600,2019-10-01,36178.104
10:02:58.104000,10.55,10.54,10.53,10.52,10.51,1133,500,600,2100,700,10.56,10.57,10.58,10.59,10.6,300,2910,1800,3000,2600,2019-10-01,36178.104
10:02:58.104000,10.55,10.54,10.53,10.52,10.51,1133,500,600,2100,700,10.56,10.57,10.58,10.59,10.6,200,2910,1800,3000,2600,2019-10-01,36178.104
10:02:58.104000,10.55,10.54,10.53,10.52,10.51,1133,500,600,2100,700,10.56,10.57,10.58,10.59,10.6,100,2910,1800,3000,2600,2019-10-01,36178.104
10:02:59.339000,10.55,10.54,10.53,10.52,10.51,1233,600,600,2100,700,10.56,10.57,10.58,10.59,10.6,200,2810,1800,3000,2600,2019-10-01,36179.339
10:02:59.339000,10.55,10.54,10.53,10.52,10.51,1233,600,600,2100,700,10.56,10.57,10.58,10.59,10.6,100,2810,1800,3000,2600,2019-10-01,36179.339
10:02:59.339000,10.55,10.54,10.53,10.52,10.51,1233,600,600,2100,700,10.57,10.58,10.59,10.6,10.61,2810,1800,3000,2600,1900,2019-10-01,36179.339
10:02:59.344000,10.55,10.54,10.53,10.52,10.51,2833,600,600,2100,700,10.56,10.57,10.58,10.59,10.6,300,2500,1800,3000,2600,2019-10-01,36179.344
10:02:59.499000,10.55,10.54,10.53,10.52,10.51,1233,600,600,2100,700,10.56,10.57,10.58,10.59,10.6,1610,2500,1800,3000,2600,2019-10-01,36179.499
10:03:10.755000,10.55,10.54,10.53,10.52,10.51,232,500,600,2100,800,10.56,10.57,10.58,10.59,10.6,1915,2800,1900,3000,2500,2019-10-01,36190.755
10:03:10.755000,10.55,10.54,10.53,10.52,10.51,231,500,600,2100,800,10.56,10.57,10.58,10.59,10.6,2515,2800,1900,3000,2500,2019-10-01,36190.755
10:03:10.755000,10.55,10.54,10.53,10.52,10.51,230,500,600,2100,800,10.56,10.57,10.58,10.59,10.6,2515,2800,1900,3000,2500,2019-10-01,36190.755
10:03:10.951000,10.55,10.54,10.53,10.52,10.51,229,500,600,2100,1100,10.56,10.57,10.58,10.59,10.6,2415,2800,1900,3000,2500,2019-10-01,36190.951
10:03:10.951000,10.55,10.54,10.53,10.52,10.51,228,500,600,2100,1100,10.56,10.57,10.58,10.59,10.6,2915,2800,1900,3000,2500,2019-10-01,36190.951
10:03:10.951000,10.55,10.54,10.53,10.52,10.51,227,500,600,2100,1100,10.56,10.57,10.58,10.59,10.6,2915,2800,1900,3000,2500,2019-10-01,36190.951
10:03:11.299000,10.55,10.54,10.53,10.52,10.51,200,500,500,2100,1100,10.56,10.57,10.58,10.59,10.6,2415,2900,1900,3000,2500,2019-10-01,36191.299
10:03:11.299000,10.55,10.54,10.53,10.52,10.51,100,500,500,2100,1100,10.56,10.57,10.58,10.59,10.6,2415,2900,1900,3000,2500,2019-10-01,36191.299
10:03:11.299000,10.55,10.54,10.53,10.52,10.51,27,500,500,2100,1100,10.56,10.57,10.58,10.59,10.6,2415,2900,1900,3000,2500,2019-10-01,36191.299
10:03:11.299000,10.54,10.53,10.52,10.51,10.5,500,500,2100,1100,1700,10.56,10.57,10.58,10.59,10.6,3715,2900,1900,3000,2500,2019-10-01,36191.299
10:03:17.513000,10.54,10.53,10.52,10.51,10.5,1600,700,800,1600,3100,10.55,10.56,10.57,10.58,10.59,202,2800,2300,2700,3000,2019-10-01,36197.513
10:03:17.513000,10.54,10.53,10.52,10.51,10.5,1600,700,800,1600,3100,10.55,10.56,10.57,10.58,10.59,201,2800,2300,2700,3000,2019-10-01,36197.513
10:03:17.513000,10.54,10.53,10.52,10.51,10.5,1600,700,800,1600,3100,10.55,10.56,10.57,10.58,10.59,200,2800,2300,2700,3000,2019-10-01,36197.513
10:03:17.513000,10.54,10.53,10.52,10.51,10.5,1600,700,800,1600,3100,10.55,10.56,10.57,10.58,10.59,117,2800,2300,2700,3000,2019-10-01,36197.513
10:03:17.513000,10.54,10.53,10.52,10.51,10.5,1600,700,800,1600,3100,10.55,10.56,10.57,10.58,10.59,100,2800,2300,2700,3000,2019-10-01,36197.513
10:03:17.513000,10.54,10.53,10.52,10.51,10.5,1600,700,800,1600,3100,10.56,10.57,10.58,10.59,10.6,2800,2300,2700,3000,2400,2019-10-01,36197.513
10:03:17.857000,10.55,10.54,10.53,10.52,10.51,1317,1600,1100,1700,2400,10.56,10.57,10.58,10.59,10.6,1800,2300,2700,3000,2400,2019-10-01,36197.857
10:03:17.857000,10.55,10.54,10.53,10.52,10.51,1217,1600,1100,1700,2400,10.56,10.57,10.58,10.59,10.6,1800,2300,2700,3000,2400,2019-10-01,36197.857
10:03:18.093000,10.55,10.54,10.53,10.52,10.51,1017,1500,1000,1600,2700,10.56,10.57,10.58,10.59,10.6,1819,2400,1900,3000,2400,2019-10-01,36198.093
10:03:18.093000,10.55,10.54,10.53,10.52,10.51,917,1500,1000,1600,2700,10.56,10.57,10.58,10.59,10.6,1819,2400,1900,3000,2400,2019-10-01,36198.093
10:03:18.093000,10.55,10.54,10.53,10.52,10.51,817,1500,1000,1600,2700,10.56,10.57,10.58,10.59,10.6,1819,2400,1900,3000,2400,2019-10-01,36198.093
10:03:18.093000,10.55,10.54,10.53,10.52,10.51,751,1500,1000,1600,2700,10.56,10.57,10.58,10.59,10.6,1819,2400,1900,3000,2400,2019-10-01,36198.093
10:03:18.093000,10.55,10.54,10.53,10.52,10.51,416,1500,1000,1600,2700,10.56,10.57,10.58,10.59,10.6,1819,2400,1900,3000,2400,2019-10-01,36198.093
10:03:18.093000,10.55,10.54,10.53,10.52,10.51,415,1500,1000,1600,2700,10.56,10.57,10.58,10.59,10.6,1819,2400,1900,3000,2400,2019-10-01,36198.093
10:03:18.094000,10.55,10.54,10.53,10.52,10.51,300,1500,1000,1600,2700,10.56,10.57,10.58,10.59,10.6,1819,2400,1900,3000,2400,2019-10-01,36198.094
10:03:18.094000,10.55,10.54,10.53,10.52,10.51,15,1500,1000,1600,2700,10.56,10.57,10.58,10.59,10.6,1819,2400,1900,3000,2400,2019-10-01,36198.094
10:03:18.097000,10.55,10.54,10.53,10.52,10.51,314,1500,1000,1600,2700,10.56,10.57,10.58,10.59,10.6,2219,2400,1900,3000,2400,2019-10-01,36198.097
10:03:53.480000,10.54,10.53,10.52,10.51,10.5,500,600,400,2100,1600,10.55,10.56,10.57,10.58,10.59,3100,2219,2500,2900,2900,2019-10-01,36233.48
10:03:53.480000,10.54,10.53,10.52,10.51,10.5,400,600,400,2100,1600,10.55,10.56,10.57,10.58,10.59,3100,2219,2500,2900,2900,2019-10-01,36233.48
10:03:53.480000,10.54,10.53,10.52,10.51,10.5,200,600,400,2100,1600,10.55,10.56,10.57,10.58,10.59,3100,2219,2500,2900,2900,2019-10-01,36233.48
10:03:53.480000,10.54,10.53,10.52,10.51,10.5,100,600,400,2100,1600,10.55,10.56,10.57,10.58,10.59,3100,2219,2500,2900,2900,2019-10-01,36233.48
10:03:53.480000,10.53,10.52,10.51,10.5,10.49,600,400,2100,1600,1100,10.55,10.56,10.57,10.58,10.59,3100,2219,2500,2900,2900,2019-10-01,36233.48
10:04:10.777000,10.51,10.5,10.49,10.48,10.47,700,700,2600,1900,900,10.53,10.54,10.55,10.56,10.57,1614,3900,2200,2919,3100,2019-10-01,36250.777
10:05:07.724000,10.49,10.48,10.47,10.46,10.45,1500,1200,900,1500,1600,10.5,10.51,10.52,10.53,10.54,614,1800,2800,2900,3700,2019-10-01,36307.724
10:05:07.724000,10.49,10.48,10.47,10.46,10.45,1500,1200,900,1500,1600,10.5,10.51,10.52,10.53,10.54,514,1800,2800,2900,3700,2019-10-01,36307.724
10:05:07.724000,10.49,10.48,10.47,10.46,10.45,1500,1200,900,1500,1600,10.5,10.51,10.52,10.53,10.54,114,1800,2800,2900,3700,2019-10-01,36307.724
10:05:07.724000,10.49,10.48,10.47,10.46,10.45,1500,1200,900,1500,1600,10.5,10.51,10.52,10.53,10.54,100,1800,2800,2900,3700,2019-10-01,36307.724
10:05:07.724000,10.49,10.48,10.47,10.46,10.45,1500,1200,900,1500,1600,10.5,10.51,10.52,10.53,10.54,14,1800,2800,2900,3700,2019-10-01,36307.724
10:05:07.724000,10.49,10.48,10.47,10.46,10.45,1800,1200,900,1500,1600,10.51,10.52,10.53,10.54,10.55,1800,2800,2900,3700,3000,2019-10-01,36307.724
10:05:19.918000,10.49,10.48,10.47,10.46,10.45,2103,1000,1800,2200,900,10.51,10.52,10.53,10.54,10.55,1511,2700,2100,4000,3000,2019-10-01,36319.918
10:05:34.348000,10.48,10.47,10.46,10.45,10.44,1000,900,2200,700,1600,10.5,10.51,10.52,10.53,10.54,1411,1700,2800,3000,4000,2019-10-01,36334.348
10:05:39.742000,10.47,10.46,10.45,10.44,10.43,1600,600,1500,2200,900,10.48,10.49,10.5,10.51,10.52,1030,1900,2300,2500,3800,2019-10-01,36339.742
10:05:39.742000,10.47,10.46,10.45,10.44,10.43,1600,600,1500,2200,900,10.48,10.49,10.5,10.51,10.52,930,1900,2300,2500,3800,2019-10-01,36339.742
10:05:39.742000,10.47,10.46,10.45,10.44,10.43,1600,600,1500,2200,900,10.48,10.49,10.5,10.51,10.52,830,1900,2300,2500,3800,2019-10-01,36339.742
10:05:39.742000,10.47,10.46,10.45,10.44,10.43,1600,600,1500,2200,900,10.48,10.49,10.5,10.51,10.52,730,1900,2300,2500,3800,2019-10-01,36339.742
10:05:39.742000,10.47,10.46,10.45,10.44,10.43,1600,600,1500,2200,900,10.48,10.49,10.5,10.51,10.52,630,1900,2300,2500,3800,2019-10-01,36339.742
10:05:39.742000,10.47,10.46,10.45,10.44,10.43,1600,600,1500,2200,900,10.48,10.49,10.5,10.51,10.52,530,1900,2300,2500,3800,2019-10-01,36339.742
10:05:39.742000,10.47,10.46,10.45,10.44,10.43,1600,600,1500,2200,900,10.48,10.49,10.5,10.51,10.52,130,1900,2300,2500,3800,2019-10-01,36339.742
10:05:39.742000,10.47,10.46,10.45,10.44,10.43,1600,600,1500,2200,900,10.48,10.49,10.5,10.51,10.52,119,1900,2300,2500,3800,2019-10-01,36339.742
10:05:39.742000,10.47,10.46,10.45,10.44,10.43,1600,600,1500,2200,900,10.48,10.49,10.5,10.51,10.52,100,1900,2300,2500,3800,2019-10-01,36339.742
10:05:39.742000,10.47,10.46,10.45,10.44,10.43,3622,600,1500,2200,900,10.49,10.5,10.51,10.52,10.53,1900,2300,2500,3800,3200,2019-10-01,36339.742
10:05:39.742000,10.47,10.46,10.45,10.44,10.43,4022,600,1500,2200,900,10.48,10.49,10.5,10.51,10.52,100,1900,2300,2500,3800,2019-10-01,36339.742
10:05:39.742000,10.47,10.46,10.45,10.44,10.43,3922,600,1500,2200,900,10.49,10.5,10.51,10.52,10.53,1900,2300,2500,3800,3200,2019-10-01,36339.742
10:05:40.697000,10.48,10.47,10.46,10.45,10.44,1200,1600,600,1500,2200,10.49,10.5,10.51,10.52,10.53,1701,2200,1700,3900,3200,2019-10-01,36340.697
10:05:40.697000,10.48,10.47,10.46,10.45,10.44,1200,1600,600,1500,2200,10.49,10.5,10.51,10.52,10.53,1601,2200,1700,3900,3200,2019-10-01,36340.697
10:05:40.697000,10.48,10.47,10.46,10.45,10.44,1200,1600,600,1500,2200,10.49,10.5,10.51,10.52,10.53,1501,2200,1700,3900,3200,2019-10-01,36340.697
10:05:40.697000,10.48,10.47,10.46,10.45,10.44,1200,1600,600,1500,2200,10.49,10.5,10.51,10.52,10.53,1401,2200,1700,3900,3200,2019-10-01,36340.697
10:05:40.697000,10.48,10.47,10.46,10.45,10.44,1200,1600,600,1500,2200,10.49,10.5,10.51,10.52,10.53,1301,2200,1700,3900,3200,2019-10-01,36340.697
10:05:40.697000,10.48,10.47,10.46,10.45,10.44,1200,1600,600,1500,2200,10.49,10.5,10.51,10.52,10.53,1201,2200,1700,3900,3200,2019-10-01,36340.697
10:05:40.697000,10.48,10.47,10.46,10.45,10.44,1200,1600,600,1500,2200,10.49,10.5,10.51,10.52,10.53,901,2200,1700,3900,3200,2019-10-01,36340.697
10:05:40.697000,10.48,10.47,10.46,10.45,10.44,1200,1600,600,1500,2200,10.49,10.5,10.51,10.52,10.53,701,2200,1700,3900,3200,2019-10-01,36340.697
10:05:40.697000,10.48,10.47,10.46,10.45,10.44,1200,1600,600,1500,2200,10.49,10.5,10.51,10.52,10.53,601,2200,1700,3900,3200,2019-10-01,36340.697
10:05:40.697000,10.48,10.47,10.46,10.45,10.44,1200,1600,600,1500,2200,10.49,10.5,10.51,10.52,10.53,500,2200,1700,3900,3200,2019-10-01,36340.697
10:06:05.533000,10.48,10.47,10.46,10.45,10.44,1400,1500,800,1500,2800,10.49,10.5,10.51,10.52,10.53,512,2200,1900,3700,2900,2019-10-01,36365.533
10:06:05.533000,10.48,10.47,10.46,10.45,10.44,1400,1500,800,1500,2800,10.49,10.5,10.51,10.52,10.53,412,2200,1900,3700,2900,2019-10-01,36365.533
10:06:05.533000,10.48,10.47,10.46,10.45,10.44,1400,1500,800,1500,2800,10.49,10.5,10.51,10.52,10.53,312,2200,1900,3700,2900,2019-10-01,36365.533
10:06:05.533000,10.48,10.47,10.46,10.45,10.44,1400,1500,800,1500,2800,10.49,10.5,10.51,10.52,10.53,300,2200,1900,3700,2900,2019-10-01,36365.533
10:06:05.533000,10.48,10.47,10.46,10.45,10.44,1400,1500,800,1500,2800,10.49,10.5,10.51,10.52,10.53,200,2200,1900,3700,2900,2019-10-01,36365.533
10:06:05.533000,10.48,10.47,10.46,10.45,10.44,1400,1500,800,1500,2800,10.49,10.5,10.51,10.52,10.53,100,2200,1900,3700,2900,2019-10-01,36365.533
10:06:05.533000,10.48,10.47,10.46,10.45,10.44,3000,1500,800,1500,2800,10.5,10.51,10.52,10.53,10.54,2200,1900,3700,2900,3600,2019-10-01,36365.533
10:06:05.533000,10.48,10.47,10.46,10.45,10.44,3400,1500,800,1500,2800,10.5,10.51,10.52,10.53,10.54,2200,1900,3700,2900,3600,2019-10-01,36365.533
10:06:17.204000,10.49,10.48,10.47,10.46,10.45,2000,2000,1900,1700,2500,10.5,10.51,10.52,10.53,10.54,200,1700,2200,2900,3600,2019-10-01,36377.204
10:06:17.204000,10.49,10.48,10.47,10.46,10.45,2000,2000,1900,1700,2500,10.5,10.51,10.52,10.53,10.54,100,1700,2200,2900,3600,2019-10-01,36377.204
10:06:17.204000,10.49,10.48,10.47,10.46,10.45,2700,2000,1900,1700,2500,10.51,10.52,10.53,10.54,10.55,1700,2200,2900,3600,1900,2019-10-01,36377.204
10:06:24.482000,10.5,10.49,10.48,10.47,10.46,990,2200,2214,2400,2800,10.51,10.52,10.53,10.54,10.55,1691,2200,2200,3900,2000,2019-10-01,36384.482
10:06:24.773000,10.5,10.49,10.48,10.47,10.46,600,2200,2214,2400,2800,10.51,10.52,10.53,10.54,10.55,2691,2200,2200,3900,2000,2019-10-01,36384.773
10:06:24.773000,10.5,10.49,10.48,10.47,10.46,500,2200,2214,2400,2800,10.51,10.52,10.53,10.54,10.55,2691,2200,2200,3900,2000,2019-10-01,36384.773
10:06:24.773000,10.5,10.49,10.48,10.47,10.46,432,2200,2214,2400,2800,10.51,10.52,10.53,10.54,10.55,2691,2200,2200,3900,2000,2019-10-01,36384.773
10:06:26.066000,10.49,10.48,10.47,10.46,10.45,2200,2214,2400,2200,1800,10.51,10.52,10.53,10.54,10.55,2591,2400,2300,3900,2100,2019-10-01,36386.066
10:07:00.036000,10.5,10.49,10.48,10.47,10.46,995,1700,2014,2400,2300,10.51,10.52,10.53,10.54,10.55,1212,2200,2100,3900,2000,2019-10-01,36420.036
10:07:00.036000,10.5,10.49,10.48,10.47,10.46,895,1700,2014,2400,2300,10.51,10.52,10.53,10.54,10.55,1212,2200,2100,3900,2000,2019-10-01,36420.036
10:07:00.036000,10.5,10.49,10.48,10.47,10.46,795,1700,2014,2400,2300,10.51,10.52,10.53,10.54,10.55,1212,2200,2100,3900,2000,2019-10-01,36420.036
10:07:00.036000,10.5,10.49,10.48,10.47,10.46,695,1700,2014,2400,2300,10.51,10.52,10.53,10.54,10.55,1212,2200,2100,3900,2000,2019-10-01,36420.036
10:07:00.036000,10.5,10.49,10.48,10.47,10.46,495,1700,2014,2400,2300,10.51,10.52,10.53,10.54,10.55,1212,2200,2100,3900,2000,2019-10-01,36420.036
10:07:00.036000,10.5,10.49,10.48,10.47,10.46,95,1700,2014,2400,2300,10.51,10.52,10.53,10.54,10.55,1212,2200,2100,3900,2000,2019-10-01,36420.036
10:07:00.036000,10.49,10.48,10.47,10.46,10.45,1700,2014,2400,2300,1600,10.51,10.52,10.53,10.54,10.55,1912,2200,2100,3900,2000,2019-10-01,36420.036
10:07:05.701000,10.48,10.47,10.46,10.45,10.44,2014,1500,2300,1600,1700,10.5,10.51,10.52,10.53,10.54,2412,1900,2400,3100,3800,2019-10-01,36425.701
10:07:19.031000,10.48,10.47,10.46,10.45,10.44,1864,1500,900,1600,2800,10.49,10.5,10.51,10.52,10.53,136,2600,2000,3200,2900,2019-10-01,36439.031
10:07:19.032000,10.48,10.47,10.46,10.45,10.44,3964,1500,900,1600,2800,10.49,10.5,10.51,10.52,10.53,100,2600,2000,3200,2900,2019-10-01,36439.032
10:07:19.032000,10.48,10.47,10.46,10.45,10.44,3964,1500,900,1600,2800,10.49,10.5,10.51,10.52,10.53,62,2600,2000,3200,2900,2019-10-01,36439.032
10:07:19.032000,10.48,10.47,10.46,10.45,10.44,3964,1500,900,1600,2800,10.49,10.5,10.51,10.52,10.53,100,2600,2000,3200,2900,2019-10-01,36439.032
10:07:19.032000,10.48,10.47,10.46,10.45,10.44,3964,1500,900,1600,2800,10.49,10.5,10.51,10.52,10.53,76,2600,2000,3200,2900,2019-10-01,36439.032
10:07:19.032000,10.48,10.47,10.46,10.45,10.44,4491,1500,900,1600,2800,10.49,10.5,10.51,10.52,10.53,14,2600,2000,3200,2900,2019-10-01,36439.032
10:07:19.032000,10.48,10.47,10.46,10.45,10.44,4991,1500,900,1600,2800,10.5,10.51,10.52,10.53,10.54,2600,2000,3200,2900,3700,2019-10-01,36439.032
10:08:43.947000,10.49,10.48,10.47,10.46,10.45,1300,2764,1600,1500,2700,10.5,10.51,10.52,10.53,10.54,611,2000,2200,3000,3700,2019-10-01,36523.947
10:08:43.947000,10.49,10.48,10.47,10.46,10.45,1300,2764,1600,1500,2700,10.5,10.51,10.52,10.53,10.54,211,2000,2200,3000,3700,2019-10-01,36523.947
10:08:43.947000,10.49,10.48,10.47,10.46,10.45,1300,2764,1600,1500,2700,10.5,10.51,10.52,10.53,10.54,11,2000,2200,3000,3700,2019-10-01,36523.947
10:08:43.947000,10.49,10.48,10.47,10.46,10.45,1300,2764,1600,1500,2700,10.51,10.52,10.53,10.54,10.55,2000,2200,3000,3700,2700,2019-10-01,36523.947
10:09:29.029000,10.5,10.49,10.48,10.47,10.46,200,1800,2564,2500,2500,10.51,10.52,10.53,10.54,10.55,1712,2200,2100,3900,2700,2019-10-01,36569.029
10:09:29.029000,10.5,10.49,10.48,10.47,10.46,100,1800,2564,2500,2500,10.51,10.52,10.53,10.54,10.55,1712,2200,2100,3900,2700,2019-10-01,36569.029
10:09:29.029000,10.49,10.48,10.47,10.46,10.45,1800,2564,2500,2500,1900,10.51,10.52,10.53,10.54,10.55,1712,2200,2100,3900,2700,2019-10-01,36569.029
10:10:19.690000,10.48,10.47,10.46,10.45,10.44,2119,1700,900,2000,2300,10.49,10.5,10.51,10.52,10.53,100,2100,2400,3200,3100,2019-10-01,36619.69
10:10:19.690000,10.48,10.47,10.46,10.45,10.44,2119,1700,900,2000,2300,10.5,10.51,10.52,10.53,10.54,2100,2400,3200,3100,4400,2019-10-01,36619.69
10:10:28.434000,10.49,10.48,10.47,10.46,10.45,200,1914,1700,1800,2700,10.5,10.51,10.52,10.53,10.54,1513,2500,2500,3100,4300,2019-10-01,36628.434
10:10:28.434000,10.49,10.48,10.47,10.46,10.45,100,1914,1700,1800,2700,10.5,10.51,10.52,10.53,10.54,1513,2500,2500,3100,4300,2019-10-01,36628.434
10:10:28.434000,10.48,10.47,10.46,10.45,10.44,1914,1700,1800,2700,1600,10.5,10.51,10.52,10.53,10.54,1513,2500,2500,3100,4300,2019-10-01,36628.434
10:10:58.636000,10.48,10.47,10.46,10.45,10.44,2419,1700,900,2700,1700,10.49,10.5,10.51,10.52,10.53,200,1800,2400,3200,3000,2019-10-01,36658.636
10:10:58.636000,10.48,10.47,10.46,10.45,10.44,2419,1700,900,2700,1700,10.49,10.5,10.51,10.52,10.53,100,1800,2400,3200,3000,2019-10-01,36658.636
10:10:58.636000,10.48,10.47,10.46,10.45,10.44,2419,1700,900,2700,1700,10.49,10.5,10.51,10.52,10.53,13,1800,2400,3200,3000,2019-10-01,36658.636
10:10:58.636000,10.48,10.47,10.46,10.45,10.44,3019,1700,900,2700,1700,10.5,10.51,10.52,10.53,10.54,1800,2400,3200,3000,4400,2019-10-01,36658.636
10:11:15.060000,10.49,10.48,10.47,10.46,10.45,1313,2414,1700,1800,2800,10.5,10.51,10.52,10.53,10.54,1413,2500,2500,3100,4500,2019-10-01,36675.06
10:11:15.060000,10.49,10.48,10.47,10.46,10.45,1313,2414,1700,1800,2800,10.5,10.51,10.52,10.53,10.54,1313,2500,2500,3100,4500,2019-10-01,36675.06
10:12:11.488000,10.49,10.48,10.47,10.46,10.45,2013,2414,1700,1800,2900,10.51,10.52,10.53,10.54,10.55,2500,2400,2900,4800,2000,2019-10-01,36731.488
10:12:16.017000,10.49,10.48,10.47,10.46,10.45,3112,2414,1700,1800,2900,10.51,10.52,10.53,10.54,10.55,2000,2400,2000,4900,2100,2019-10-01,36736.017
10:12:16.682000,10.49,10.48,10.47,10.46,10.45,2513,2414,1700,1800,2900,10.5,10.51,10.52,10.53,10.54,600,2300,2500,2900,4900,2019-10-01,36736.682
10:12:16.682000,10.49,10.48,10.47,10.46,10.45,2413,2414,1700,1800,2900,10.5,10.51,10.52,10.53,10.54,600,2300,2500,2900,4900,2019-10-01,36736.682
10:12:16.682000,10.49,10.48,10.47,10.46,10.45,2313,2414,1700,1800,2900,10.5,10.51,10.52,10.53,10.54,600,2300,2500,2900,4900,2019-10-01,36736.682
10:12:30.018000,10.49,10.48,10.47,10.46,10.45,1913,2414,1700,1800,2900,10.5,10.51,10.52,10.53,10.54,3,2300,2500,2900,4800,2019-10-01,36750.018
10:12:43.507000,10.49,10.48,10.47,10.46,10.45,300,2114,1700,1800,2800,10.5,10.51,10.52,10.53,10.54,2103,2400,2500,2900,4600,2019-10-01,36763.507
10:12:43.507000,10.49,10.48,10.47,10.46,10.45,200,2114,1700,1800,2800,10.5,10.51,10.52,10.53,10.54,2103,2400,2500,2900,4600,2019-10-01,36763.507
10:12:43.507000,10.49,10.48,10.47,10.46,10.45,100,2114,1700,1800,2800,10.5,10.51,10.52,10.53,10.54,2103,2400,2500,2900,4600,2019-10-01,36763.507
10:12:43.507000,10.48,10.47,10.46,10.45,10.44,2114,1700,1800,2800,1600,10.5,10.51,10.52,10.53,10.54,2103,2400,2500,2900,4600,2019-10-01,36763.507
10:13:00.315000,10.48,10.47,10.46,10.45,10.44,100,1600,700,2400,1700,10.49,10.5,10.51,10.52,10.53,2703,2700,2700,3300,2900,2019-10-01,36780.315
10:13:00.315000,10.48,10.47,10.46,10.45,10.44,14,1600,700,2400,1700,10.49,10.5,10.51,10.52,10.53,2703,2700,2700,3300,2900,2019-10-01,36780.315
10:13:00.315000,10.47,10.46,10.45,10.44,10.43,1600,700,2400,1700,1100,10.49,10.5,10.51,10.52,10.53,2903,2700,2700,3300,2900,2019-10-01,36780.315
10:13:02.699000,10.46,10.45,10.44,10.43,10.42,700,700,800,2900,1800,10.47,10.48,10.49,10.5,10.51,1603,3014,3900,3800,3200,2019-10-01,36782.699
10:13:02.699000,10.46,10.45,10.44,10.43,10.42,600,700,800,2900,1800,10.47,10.48,10.49,10.5,10.51,1603,3014,3900,3800,3200,2019-10-01,36782.699
10:13:02.699000,10.46,10.45,10.44,10.43,10.42,400,700,800,2900,1800,10.47,10.48,10.49,10.5,10.51,1603,3014,3900,3800,3200,2019-10-01,36782.699
10:13:02.699000,10.46,10.45,10.44,10.43,10.42,100,700,800,2900,1800,10.47,10.48,10.49,10.5,10.51,1603,3014,3900,3800,3200,2019-10-01,36782.699
10:13:02.700000,10.45,10.44,10.43,10.42,10.41,600,800,2900,1800,900,10.47,10.48,10.49,10.5,10.51,1903,3014,3900,3800,3200,2019-10-01,36782.7
10:13:03.171000,10.45,10.44,10.43,10.42,10.41,1700,700,1900,2200,1600,10.46,10.47,10.48,10.49,10.5,1303,2400,3514,3600,3800,2019-10-01,36783.171
10:13:03.171000,10.45,10.44,10.43,10.42,10.41,1700,700,1900,2200,1600,10.46,10.47,10.48,10.49,10.5,1221,2400,3514,3600,3800,2019-10-01,36783.171
10:13:03.171000,10.45,10.44,10.43,10.42,10.41,2500,700,1900,2200,1600,10.46,10.47,10.48,10.49,10.5,1203,2400,3514,3600,3800,2019-10-01,36783.171
10:13:03.171000,10.45,10.44,10.43,10.42,10.41,2500,700,1900,2200,1600,10.46,10.47,10.48,10.49,10.5,1103,2400,3514,3600,3800,2019-10-01,36783.171
10:13:03.171000,10.45,10.44,10.43,10.42,10.41,2500,700,1900,2200,1600,10.46,10.47,10.48,10.49,10.5,1043,2400,3514,3600,3800,2019-10-01,36783.171
10:13:03.171000,10.45,10.44,10.43,10.42,10.41,2700,700,1900,2200,1600,10.46,10.47,10.48,10.49,10.5,871,2400,3514,3600,3800,2019-10-01,36783.171
10:13:03.171000,10.45,10.44,10.43,10.42,10.41,2600,700,1900,2200,1600,10.46,10.47,10.48,10.49,10.5,803,2300,3514,3600,3800,2019-10-01,36783.171
10:13:03.171000,10.45,10.44,10.43,10.42,10.41,2600,700,1900,2200,1600,10.46,10.47,10.48,10.49,10.5,703,2300,3514,3600,3800,2019-10-01,36783.171
10:13:03.171000,10.45,10.44,10.43,10.42,10.41,2600,700,1900,2200,1600,10.46,10.47,10.48,10.49,10.5,700,2300,3514,3600,3800,2019-10-01,36783.171
