id,time,side,price,qty,xchTime,date,time_elapsed
119,09:30:00.297000,,10.57,8868,34200297,2019-10-01,34200.297
118,09:30:00.297000,SELL,10.58,715,34200297,2019-10-01,34200.297
725,09:30:28.313000,SELL,10.57,102,34228313,2019-10-01,34228.313
815,09:31:20.895000,SELL,10.56,2,34280895,2019-10-01,34280.895
846,09:31:26.001000,SELL,10.55,970,34286001,2019-10-01,34286.001
908,09:31:46.575000,BUY,10.55,100,34306575,2019-10-01,34306.575
1008,09:32:09.424000,SELL,10.55,100,34329424,2019-10-01,34329.424
1010,09:32:09.424000,SELL,10.55,2,34329424,2019-10-01,34329.424
1049,09:32:11,BUY,10.55,500,34331000,2019-10-01,34331.0
1053,09:32:11,BUY,10.55,100,34331000,2019-10-01,34331.0
1103,09:32:18.018000,BUY,10.55,300,34338018,2019-10-01,34338.018
1201,09:32:29.847000,SELL,10.57,300,34349847,2019-10-01,34349.847
1328,09:33:00.013000,SELL,10.55,2,34380013,2019-10-01,34380.013
1390,09:33:18.496000,BUY,10.55,354,34398496,2019-10-01,34398.496
1635,09:34:00.210000,BUY,10.58,500,34440210,2019-10-01,34440.21
1671,09:34:01.597000,BUY,10.59,100,34441597,2019-10-01,34441.597
1967,09:35:22.289000,SELL,10.6,400,34522289,2019-10-01,34522.289
1761,09:34:21.452000,BUY,10.6,22,34461452,2019-10-01,34461.452
1971,09:35:22.289000,SELL,10.6,1217,34522289,2019-10-01,34522.289
1973,09:35:22.289000,SELL,10.6,398,34522289,2019-10-01,34522.289
1975,09:35:22.289000,SELL,10.6,2,34522289,2019-10-01,34522.289
2025,09:35:22.301000,BUY,10.6,900,34522301,2019-10-01,34522.301
2048,09:35:22.303000,BUY,10.6,500,34522303,2019-10-01,34522.303
2068,09:35:22.594000,BUY,10.61,200,34522594,2019-10-01,34522.594
2072,09:35:22.594000,BUY,10.61,100,34522594,2019-10-01,34522.594
2074,09:35:22.594000,BUY,10.61,100,34522594,2019-10-01,34522.594
2076,09:35:22.594000,BUY,10.61,100,34522594,2019-10-01,34522.594
2078,09:35:22.594000,BUY,10.61,100,34522594,2019-10-01,34522.594
2080,09:35:22.594000,BUY,10.61,800,34522594,2019-10-01,34522.594
2082,09:35:22.594000,BUY,10.61,100,34522594,2019-10-01,34522.594
2127,09:35:25.901000,BUY,10.61,200,34525901,2019-10-01,34525.901
2132,09:35:25.901000,BUY,10.61,100,34525901,2019-10-01,34525.901
2135,09:35:25.901000,BUY,10.61,32,34525901,2019-10-01,34525.901
2137,09:35:25.901000,BUY,10.61,68,34525901,2019-10-01,34525.901
2139,09:35:25.901000,BUY,10.61,100,34525901,2019-10-01,34525.901
2141,09:35:25.901000,BUY,10.61,100,34525901,2019-10-01,34525.901
2143,09:35:25.901000,BUY,10.61,100,34525901,2019-10-01,34525.901
2173,09:35:25.901000,BUY,10.61,100,34525901,2019-10-01,34525.901
2175,09:35:25.901000,BUY,10.61,100,34525901,2019-10-01,34525.901
2177,09:35:25.901000,BUY,10.61,100,34525901,2019-10-01,34525.901
2270,09:35:33.129000,SELL,10.61,200,34533129,2019-10-01,34533.129
2274,09:35:33.129000,SELL,10.61,500,34533129,2019-10-01,34533.129
2280,09:35:33.129000,SELL,10.61,100,34533129,2019-10-01,34533.129
2282,09:35:33.129000,SELL,10.61,1200,34533129,2019-10-01,34533.129
2344,09:35:35.905000,SELL,10.6,200,34535905,2019-10-01,34535.905
2348,09:35:35.905000,SELL,10.6,900,34535905,2019-10-01,34535.905
2521,09:35:58.560000,SELL,10.61,950,34558560,2019-10-01,34558.56
2392,09:35:39.122000,BUY,10.61,110,34539122,2019-10-01,34539.122
2525,09:35:58.560000,SELL,10.61,1000,34558560,2019-10-01,34558.56
2527,09:35:58.560000,SELL,10.61,100,34558560,2019-10-01,34558.56
3001,09:37:04.807000,SELL,10.63,300,34624807,2019-10-01,34624.807
2553,09:35:58.561000,BUY,10.61,410,34558561,2019-10-01,34558.561
3005,09:37:04.807000,SELL,10.63,2,34624807,2019-10-01,34624.807
3132,09:37:28.165000,BUY,10.63,200,34648165,2019-10-01,34648.165
3136,09:37:28.165000,BUY,10.63,300,34648165,2019-10-01,34648.165
3138,09:37:28.165000,BUY,10.63,100,34648165,2019-10-01,34648.165
3140,09:37:28.165000,BUY,10.63,100,34648165,2019-10-01,34648.165
3217,09:37:32.087000,BUY,10.64,200,34652087,2019-10-01,34652.087
3221,09:37:32.087000,BUY,10.64,100,34652087,2019-10-01,34652.087
3223,09:37:32.087000,BUY,10.64,100,34652087,2019-10-01,34652.087
3225,09:37:32.087000,BUY,10.64,100,34652087,2019-10-01,34652.087
3227,09:37:32.087000,BUY,10.64,89,34652087,2019-10-01,34652.087
3405,09:37:54.253000,SELL,10.64,200,34674253,2019-10-01,34674.253
3266,09:37:33.386000,BUY,10.64,100,34653386,2019-10-01,34653.386
3409,09:37:54.253000,SELL,10.64,100,34674253,2019-10-01,34674.253
3466,09:37:54.525000,BUY,10.64,300,34674525,2019-10-01,34674.525
3470,09:37:54.525000,BUY,10.64,200,34674525,2019-10-01,34674.525
3472,09:37:54.525000,BUY,10.64,100,34674525,2019-10-01,34674.525
3474,09:37:54.525000,BUY,10.64,100,34674525,2019-10-01,34674.525
3476,09:37:54.525000,BUY,10.64,100,34674525,2019-10-01,34674.525
3478,09:37:54.525000,BUY,10.64,200,34674525,2019-10-01,34674.525
3480,09:37:54.525000,BUY,10.64,400,34674525,2019-10-01,34674.525
3646,09:38:11.219000,SELL,10.64,201,34691219,2019-10-01,34691.219
3521,09:37:54.526000,BUY,10.65,140,34674526,2019-10-01,34674.526
3777,09:38:19.831000,SELL,10.64,1,34699831,2019-10-01,34699.831
3779,09:38:19.831000,SELL,10.64,100,34699831,2019-10-01,34699.831
3781,09:38:19.831000,SELL,10.64,100,34699831,2019-10-01,34699.831
3887,09:38:26.387000,BUY,10.64,130,34706387,2019-10-01,34706.387
3891,09:38:26.387000,BUY,10.64,300,34706387,2019-10-01,34706.387
3893,09:38:26.387000,BUY,10.64,170,34706387,2019-10-01,34706.387
3933,09:38:28.432000,SELL,10.63,300,34708432,2019-10-01,34708.432
4004,09:38:36.503000,BUY,10.64,600,34716503,2019-10-01,34716.503
4008,09:38:36.503000,BUY,10.64,100,34716503,2019-10-01,34716.503
4010,09:38:36.503000,BUY,10.64,100,34716503,2019-10-01,34716.503
4012,09:38:36.503000,BUY,10.64,100,34716503,2019-10-01,34716.503
4014,09:38:36.503000,BUY,10.64,100,34716503,2019-10-01,34716.503
4016,09:38:36.503000,BUY,10.64,100,34716503,2019-10-01,34716.503
4168,09:38:40.854000,SELL,10.63,300,34720854,2019-10-01,34720.854
4172,09:38:40.854000,SELL,10.63,17,34720854,2019-10-01,34720.854
4174,09:38:40.854000,SELL,10.63,86,34720854,2019-10-01,34720.854
4256,09:38:41.891000,SELL,10.62,200,34721891,2019-10-01,34721.891
4260,09:38:41.891000,SELL,10.62,100,34721891,2019-10-01,34721.891
4262,09:38:41.891000,SELL,10.62,100,34721891,2019-10-01,34721.891
4264,09:38:41.891000,SELL,10.62,100,34721891,2019-10-01,34721.891
4266,09:38:41.891000,SELL,10.62,100,34721891,2019-10-01,34721.891
4268,09:38:41.891000,SELL,10.62,100,34721891,2019-10-01,34721.891
4270,09:38:41.891000,SELL,10.62,100,34721891,2019-10-01,34721.891
4357,09:38:43.617000,BUY,10.62,1100,34723617,2019-10-01,34723.617
4361,09:38:43.617000,BUY,10.62,100,34723617,2019-10-01,34723.617
4363,09:38:43.617000,BUY,10.62,600,34723617,2019-10-01,34723.617
4365,09:38:43.617000,BUY,10.62,300,34723617,2019-10-01,34723.617
4367,09:38:43.617000,BUY,10.62,1000,34723617,2019-10-01,34723.617
4436,09:38:45.399000,SELL,10.62,301,34725399,2019-10-01,34725.399
4511,09:38:46.496000,BUY,10.62,200,34726496,2019-10-01,34726.496
4515,09:38:46.496000,BUY,10.62,300,34726496,2019-10-01,34726.496
4585,09:38:46.934000,BUY,10.63,700,34726934,2019-10-01,34726.934
4589,09:38:46.934000,BUY,10.63,600,34726934,2019-10-01,34726.934
4591,09:38:46.934000,BUY,10.63,100,34726934,2019-10-01,34726.934
4593,09:38:46.934000,BUY,10.63,100,34726934,2019-10-01,34726.934
4595,09:38:46.934000,BUY,10.63,200,34726934,2019-10-01,34726.934
4597,09:38:46.934000,BUY,10.63,100,34726934,2019-10-01,34726.934
4599,09:38:46.934000,BUY,10.63,100,34726934,2019-10-01,34726.934
4651,09:38:48.801000,SELL,10.62,400,34728801,2019-10-01,34728.801
4745,09:38:49.931000,BUY,10.62,400,34729931,2019-10-01,34729.931
4749,09:38:49.931000,BUY,10.62,100,34729931,2019-10-01,34729.931
4751,09:38:49.931000,BUY,10.62,100,34729931,2019-10-01,34729.931
4753,09:38:49.931000,BUY,10.62,400,34729931,2019-10-01,34729.931
4755,09:38:49.931000,BUY,10.62,100,34729931,2019-10-01,34729.931
4757,09:38:49.931000,BUY,10.62,100,34729931,2019-10-01,34729.931
4759,09:38:49.931000,BUY,10.62,100,34729931,2019-10-01,34729.931
4761,09:38:49.931000,BUY,10.62,100,34729931,2019-10-01,34729.931
4840,09:38:51.799000,SELL,10.62,300,34731799,2019-10-01,34731.799
4898,09:38:53.266000,BUY,10.62,600,34733266,2019-10-01,34733.266
4957,09:38:54.243000,BUY,10.62,500,34734243,2019-10-01,34734.243
4961,09:38:54.243000,BUY,10.62,100,34734243,2019-10-01,34734.243
4963,09:38:54.243000,BUY,10.62,100,34734243,2019-10-01,34734.243
5005,09:38:54.372000,BUY,10.62,500,34734372,2019-10-01,34734.372
5009,09:38:54.372000,BUY,10.62,100,34734372,2019-10-01,34734.372
5029,09:38:54.451000,SELL,10.61,100,34734451,2019-10-01,34734.451
5064,09:38:55.148000,BUY,10.62,400,34735148,2019-10-01,34735.148
5068,09:38:55.148000,BUY,10.62,100,34735148,2019-10-01,34735.148
5148,09:38:55.844000,BUY,10.62,500,34735844,2019-10-01,34735.844
5152,09:38:55.844000,BUY,10.62,200,34735844,2019-10-01,34735.844
5187,09:38:55.998000,BUY,10.62,200,34735998,2019-10-01,34735.998
5191,09:38:55.998000,BUY,10.62,100,34735998,2019-10-01,34735.998
5193,09:38:55.998000,BUY,10.62,400,34735998,2019-10-01,34735.998
5216,09:38:56.127000,BUY,10.62,792,34736127,2019-10-01,34736.127
5315,09:38:58.561000,SELL,10.62,400,34738561,2019-10-01,34738.561
5394,09:39:00.719000,SELL,10.61,200,34740719,2019-10-01,34740.719
5398,09:39:00.719000,SELL,10.61,200,34740719,2019-10-01,34740.719
5400,09:39:00.719000,SELL,10.61,2,34740719,2019-10-01,34740.719
5507,09:39:01.778000,BUY,10.61,400,34741778,2019-10-01,34741.778
5511,09:39:01.778000,BUY,10.61,100,34741778,2019-10-01,34741.778
5513,09:39:01.778000,BUY,10.61,300,34741778,2019-10-01,34741.778
5655,09:39:04.764000,SELL,10.6,300,34744764,2019-10-01,34744.764
5697,09:39:04.764000,SELL,10.6,1,34744764,2019-10-01,34744.764
5701,09:39:04.764000,SELL,10.6,1,34744764,2019-10-01,34744.764
5709,09:39:04.765000,SELL,10.6,198,34744765,2019-10-01,34744.765
5812,09:39:05.870000,BUY,10.6,301,34745870,2019-10-01,34745.87
5816,09:39:05.870000,BUY,10.6,1,34745870,2019-10-01,34745.87
5884,09:39:06.610000,BUY,10.61,200,34746610,2019-10-01,34746.61
5888,09:39:06.610000,BUY,10.61,100,34746610,2019-10-01,34746.61
5890,09:39:06.610000,BUY,10.61,100,34746610,2019-10-01,34746.61
5892,09:39:06.610000,BUY,10.61,300,34746610,2019-10-01,34746.61
5894,09:39:06.610000,BUY,10.61,100,34746610,2019-10-01,34746.61
5896,09:39:06.610000,BUY,10.61,670,34746610,2019-10-01,34746.61
6048,09:39:18.706000,SELL,10.6,1100,34758706,2019-10-01,34758.706
6052,09:39:18.706000,SELL,10.6,35,34758706,2019-10-01,34758.706
6054,09:39:18.706000,SELL,10.6,100,34758706,2019-10-01,34758.706
6056,09:39:18.706000,SELL,10.6,100,34758706,2019-10-01,34758.706
6058,09:39:18.706000,SELL,10.6,100,34758706,2019-10-01,34758.706
6060,09:39:18.706000,SELL,10.6,300,34758706,2019-10-01,34758.706
6169,09:39:18.841000,BUY,10.6,137,34758841,2019-10-01,34758.841
6218,09:39:21.522000,SELL,10.6,200,34761522,2019-10-01,34761.522
6222,09:39:21.522000,SELL,10.6,37,34761522,2019-10-01,34761.522
6224,09:39:21.522000,SELL,10.6,100,34761522,2019-10-01,34761.522
6226,09:39:21.522000,SELL,10.6,100,34761522,2019-10-01,34761.522
6228,09:39:21.522000,SELL,10.6,100,34761522,2019-10-01,34761.522
6230,09:39:21.522000,SELL,10.6,200,34761522,2019-10-01,34761.522
6314,09:39:24.540000,BUY,10.6,600,34764540,2019-10-01,34764.54
6318,09:39:24.540000,BUY,10.6,100,34764540,2019-10-01,34764.54
6360,09:39:27.298000,BUY,10.6,200,34767298,2019-10-01,34767.298
6364,09:39:27.298000,BUY,10.6,100,34767298,2019-10-01,34767.298
6366,09:39:27.298000,BUY,10.6,100,34767298,2019-10-01,34767.298
6368,09:39:27.298000,BUY,10.6,100,34767298,2019-10-01,34767.298
6370,09:39:27.298000,BUY,10.6,31,34767298,2019-10-01,34767.298
6604,09:39:42.532000,SELL,10.61,101,34782532,2019-10-01,34782.532
6487,09:39:35.564000,BUY,10.61,241,34775564,2019-10-01,34775.564
7124,09:40:37.258000,BUY,10.61,200,34837258,2019-10-01,34837.258
7126,09:40:37.258000,BUY,10.61,300,34837258,2019-10-01,34837.258
7277,09:40:45.653000,BUY,10.62,400,34845653,2019-10-01,34845.653
7607,09:41:31.194000,BUY,10.64,1000,34891194,2019-10-01,34891.194
7612,09:41:31.194000,BUY,10.64,200,34891194,2019-10-01,34891.194
7614,09:41:31.194000,BUY,10.64,100,34891194,2019-10-01,34891.194
7761,09:41:41.884000,SELL,10.64,200,34901884,2019-10-01,34901.884
7765,09:41:41.884000,SELL,10.64,300,34901884,2019-10-01,34901.884
7767,09:41:41.884000,SELL,10.64,100,34901884,2019-10-01,34901.884
7770,09:41:41.884000,SELL,10.64,2,34901884,2019-10-01,34901.884
7988,09:42:16.201000,BUY,10.64,900,34936201,2019-10-01,34936.201
7992,09:42:16.201000,BUY,10.64,50,34936201,2019-10-01,34936.201
7994,09:42:16.201000,BUY,10.64,100,34936201,2019-10-01,34936.201
7996,09:42:16.201000,BUY,10.64,100,34936201,2019-10-01,34936.201
8094,09:42:17.638000,SELL,10.64,200,34937638,2019-10-01,34937.638
8098,09:42:17.638000,SELL,10.64,100,34937638,2019-10-01,34937.638
8100,09:42:17.638000,SELL,10.64,119,34937638,2019-10-01,34937.638
8133,09:42:17.762000,SELL,10.63,268,34937762,2019-10-01,34937.762
8199,09:42:19.949000,BUY,10.64,400,34939949,2019-10-01,34939.949
8383,09:42:27.256000,SELL,10.63,2,34947256,2019-10-01,34947.256
8392,09:42:27.256000,SELL,10.63,1,34947256,2019-10-01,34947.256
8394,09:42:27.256000,SELL,10.63,97,34947256,2019-10-01,34947.256
8639,09:42:52.643000,SELL,10.63,200,34972643,2019-10-01,34972.643
8767,09:43:00.985000,BUY,10.64,100,34980985,2019-10-01,34980.985
8804,09:43:02.035000,SELL,10.63,70,34982035,2019-10-01,34982.035
8867,09:43:02.037000,SELL,10.63,472,34982037,2019-10-01,34982.037
8871,09:43:02.037000,SELL,10.63,28,34982037,2019-10-01,34982.037
8881,09:43:02.037000,SELL,10.63,1,34982037,2019-10-01,34982.037
8889,09:43:02.039000,SELL,10.63,671,34982039,2019-10-01,34982.039
9030,09:43:03.381000,BUY,10.63,300,34983381,2019-10-01,34983.381
9148,09:43:11.087000,BUY,10.64,100,34991087,2019-10-01,34991.087
9150,09:43:11.087000,BUY,10.64,100,34991087,2019-10-01,34991.087
9559,09:44:03.769000,BUY,10.65,300,35043769,2019-10-01,35043.769
9647,09:44:04.682000,BUY,10.66,100,35044682,2019-10-01,35044.682
9649,09:44:04.682000,BUY,10.66,100,35044682,2019-10-01,35044.682
9651,09:44:04.682000,BUY,10.66,100,35044682,2019-10-01,35044.682
9653,09:44:04.682000,BUY,10.66,100,35044682,2019-10-01,35044.682
9655,09:44:04.682000,BUY,10.66,100,35044682,2019-10-01,35044.682
10065,09:45:07.856000,SELL,10.66,200,35107856,2019-10-01,35107.856
9872,09:45:01.960000,BUY,10.66,100,35101960,2019-10-01,35101.96
10069,09:45:07.856000,SELL,10.66,300,35107856,2019-10-01,35107.856
10071,09:45:07.856000,SELL,10.66,100,35107856,2019-10-01,35107.856
10073,09:45:07.856000,SELL,10.66,2,35107856,2019-10-01,35107.856
10075,09:45:07.856000,SELL,10.66,100,35107856,2019-10-01,35107.856
10077,09:45:07.856000,SELL,10.66,298,35107856,2019-10-01,35107.856
10080,09:45:07.856000,SELL,10.66,2,35107856,2019-10-01,35107.856
10191,09:45:10.188000,SELL,10.65,200,35110188,2019-10-01,35110.188
10679,09:46:14.039000,SELL,10.65,380,35174039,2019-10-01,35174.039
10576,09:46:12.460000,BUY,10.65,100,35172460,2019-10-01,35172.46
10715,09:46:14.039000,SELL,10.65,2,35174039,2019-10-01,35174.039
10821,09:46:39.520000,SELL,10.64,200,35199520,2019-10-01,35199.52
10825,09:46:39.520000,SELL,10.64,100,35199520,2019-10-01,35199.52
10827,09:46:39.520000,SELL,10.64,74,35199520,2019-10-01,35199.52
10829,09:46:39.520000,SELL,10.64,100,35199520,2019-10-01,35199.52
10831,09:46:39.520000,SELL,10.64,200,35199520,2019-10-01,35199.52
10833,09:46:39.520000,SELL,10.64,100,35199520,2019-10-01,35199.52
11024,09:47:04.411000,BUY,10.64,200,35224411,2019-10-01,35224.411
11668,09:48:15.600000,SELL,10.64,200,35295600,2019-10-01,35295.6
11672,09:48:15.600000,SELL,10.64,500,35295600,2019-10-01,35295.6
11674,09:48:15.600000,SELL,10.64,73,35295600,2019-10-01,35295.6
11676,09:48:15.600000,SELL,10.64,100,35295600,2019-10-01,35295.6
11678,09:48:15.600000,SELL,10.64,200,35295600,2019-10-01,35295.6
11680,09:48:15.600000,SELL,10.64,100,35295600,2019-10-01,35295.6
11682,09:48:15.600000,SELL,10.64,1,35295600,2019-10-01,35295.6
11742,09:48:15.610000,SELL,10.63,200,35295610,2019-10-01,35295.61
11746,09:48:15.610000,SELL,10.63,100,35295610,2019-10-01,35295.61
11748,09:48:15.610000,SELL,10.63,20,35295610,2019-10-01,35295.61
11774,09:48:15.672000,SELL,10.63,280,35295672,2019-10-01,35295.672
11787,09:48:15.734000,SELL,10.63,400,35295734,2019-10-01,35295.734
11873,09:48:15.876000,BUY,10.63,982,35295876,2019-10-01,35295.876
11877,09:48:15.876000,BUY,10.63,100,35295876,2019-10-01,35295.876
11879,09:48:15.876000,BUY,10.63,100,35295876,2019-10-01,35295.876
11881,09:48:15.876000,BUY,10.63,100,35295876,2019-10-01,35295.876
11883,09:48:15.876000,BUY,10.63,400,35295876,2019-10-01,35295.876
11954,09:48:15.929000,SELL,10.63,200,35295929,2019-10-01,35295.929
11958,09:48:15.929000,SELL,10.63,100,35295929,2019-10-01,35295.929
11960,09:48:15.929000,SELL,10.63,82,35295929,2019-10-01,35295.929
11962,09:48:15.929000,SELL,10.63,100,35295929,2019-10-01,35295.929
11964,09:48:15.929000,SELL,10.63,1000,35295929,2019-10-01,35295.929
11967,09:48:15.929000,SELL,10.63,400,35295929,2019-10-01,35295.929
11969,09:48:15.929000,SELL,10.63,100,35295929,2019-10-01,35295.929
11971,09:48:15.929000,SELL,10.63,300,35295929,2019-10-01,35295.929
11973,09:48:15.929000,SELL,10.63,400,35295929,2019-10-01,35295.929
11975,09:48:15.929000,SELL,10.63,300,35295929,2019-10-01,35295.929
11977,09:48:15.929000,SELL,10.63,490,35295929,2019-10-01,35295.929
12042,09:48:15.940000,SELL,10.62,200,35295940,2019-10-01,35295.94
12093,09:48:16.290000,SELL,10.62,100,35296290,2019-10-01,35296.29
12095,09:48:16.290000,SELL,10.62,100,35296290,2019-10-01,35296.29
12097,09:48:16.290000,SELL,10.62,100,35296290,2019-10-01,35296.29
12099,09:48:16.290000,SELL,10.62,1,35296290,2019-10-01,35296.29
12137,09:48:17.142000,BUY,10.63,200,35297142,2019-10-01,35297.142
12141,09:48:17.142000,BUY,10.63,100,35297142,2019-10-01,35297.142
12143,09:48:17.142000,BUY,10.63,400,35297142,2019-10-01,35297.142
12145,09:48:17.142000,BUY,10.63,200,35297142,2019-10-01,35297.142
12147,09:48:17.142000,BUY,10.63,100,35297142,2019-10-01,35297.142
12149,09:48:17.142000,BUY,10.63,100,35297142,2019-10-01,35297.142
12151,09:48:17.142000,BUY,10.63,100,35297142,2019-10-01,35297.142
12250,09:48:17.287000,SELL,10.63,200,35297287,2019-10-01,35297.287
12179,09:48:17.147000,BUY,10.63,200,35297147,2019-10-01,35297.147
12273,09:48:17.342000,SELL,10.63,100,35297342,2019-10-01,35297.342
12336,09:48:28.750000,BUY,10.64,300,35308750,2019-10-01,35308.75
12340,09:48:28.750000,BUY,10.64,100,35308750,2019-10-01,35308.75
12342,09:48:28.750000,BUY,10.64,100,35308750,2019-10-01,35308.75
12344,09:48:28.750000,BUY,10.64,200,35308750,2019-10-01,35308.75
12372,09:48:28.750000,BUY,10.64,400,35308750,2019-10-01,35308.75
12374,09:48:28.750000,BUY,10.64,200,35308750,2019-10-01,35308.75
12376,09:48:28.750000,BUY,10.64,300,35308750,2019-10-01,35308.75
12378,09:48:28.750000,BUY,10.64,100,35308750,2019-10-01,35308.75
12380,09:48:28.750000,BUY,10.64,500,35308750,2019-10-01,35308.75
12432,09:48:28.771000,SELL,10.63,900,35308771,2019-10-01,35308.771
12450,09:48:28.783000,SELL,10.63,1100,35308783,2019-10-01,35308.783
12500,09:48:32.846000,SELL,10.63,400,35312846,2019-10-01,35312.846
12502,09:48:32.846000,SELL,10.63,100,35312846,2019-10-01,35312.846
12504,09:48:32.846000,SELL,10.63,1,35312846,2019-10-01,35312.846
12518,09:48:32.847000,SELL,10.63,99,35312847,2019-10-01,35312.847
12947,09:49:13.672000,BUY,10.62,200,35353672,2019-10-01,35353.672
13099,09:49:31.223000,BUY,10.62,100,35371223,2019-10-01,35371.223
13101,09:49:31.223000,BUY,10.62,200,35371223,2019-10-01,35371.223
13280,09:49:45.693000,BUY,10.63,183,35385693,2019-10-01,35385.693
13284,09:49:45.693000,BUY,10.63,200,35385693,2019-10-01,35385.693
13286,09:49:45.693000,BUY,10.63,317,35385693,2019-10-01,35385.693
13322,09:49:45.696000,BUY,10.63,283,35385696,2019-10-01,35385.696
13569,09:50:04.951000,BUY,10.64,200,35404951,2019-10-01,35404.951
13573,09:50:04.951000,BUY,10.64,100,35404951,2019-10-01,35404.951
13683,09:50:23.035000,SELL,10.63,102,35423035,2019-10-01,35423.035
13687,09:50:23.035000,SELL,10.63,100,35423035,2019-10-01,35423.035
14236,09:52:11.197000,SELL,10.62,101,35531197,2019-10-01,35531.197
13761,09:50:23.046000,BUY,10.63,100,35423046,2019-10-01,35423.046
14240,09:52:11.197000,SELL,10.62,100,35531197,2019-10-01,35531.197
14242,09:52:11.197000,SELL,10.62,100,35531197,2019-10-01,35531.197
14244,09:52:11.197000,SELL,10.62,100,35531197,2019-10-01,35531.197
14467,09:52:26.637000,SELL,10.61,188,35546637,2019-10-01,35546.637
14483,09:52:26.637000,SELL,10.61,1,35546637,2019-10-01,35546.637
14494,09:52:26.637000,SELL,10.61,1,35546637,2019-10-01,35546.637
14514,09:52:26.638000,SELL,10.61,10,35546638,2019-10-01,35546.638
14947,09:53:29.688000,BUY,10.61,200,35609688,2019-10-01,35609.688
14951,09:53:29.688000,BUY,10.61,100,35609688,2019-10-01,35609.688
14953,09:53:29.688000,BUY,10.61,100,35609688,2019-10-01,35609.688
14955,09:53:29.688000,BUY,10.61,100,35609688,2019-10-01,35609.688
14963,09:53:29.688000,BUY,10.61,100,35609688,2019-10-01,35609.688
15248,09:53:49.883000,BUY,10.62,200,35629883,2019-10-01,35629.883
15252,09:53:49.883000,BUY,10.62,100,35629883,2019-10-01,35629.883
15254,09:53:49.883000,BUY,10.62,7,35629883,2019-10-01,35629.883
15256,09:53:49.883000,BUY,10.62,93,35629883,2019-10-01,35629.883
15265,09:53:49.883000,BUY,10.62,7,35629883,2019-10-01,35629.883
15651,09:54:13.180000,SELL,10.62,200,35653180,2019-10-01,35653.18
15655,09:54:13.180000,SELL,10.62,100,35653180,2019-10-01,35653.18
15657,09:54:13.180000,SELL,10.62,100,35653180,2019-10-01,35653.18
15659,09:54:13.180000,SELL,10.62,100,35653180,2019-10-01,35653.18
15661,09:54:13.180000,SELL,10.62,500,35653180,2019-10-01,35653.18
15663,09:54:13.180000,SELL,10.62,100,35653180,2019-10-01,35653.18
15693,09:54:13.181000,SELL,10.62,100,35653181,2019-10-01,35653.181
15707,09:54:13.183000,SELL,10.62,11,35653183,2019-10-01,35653.183
15715,09:54:13.183000,SELL,10.62,1,35653183,2019-10-01,35653.183
15719,09:54:13.183000,SELL,10.62,90,35653183,2019-10-01,35653.183
16216,09:55:39.969000,BUY,10.63,200,35739969,2019-10-01,35739.969
16220,09:55:39.969000,BUY,10.63,5,35739969,2019-10-01,35739.969
16222,09:55:39.969000,BUY,10.63,200,35739969,2019-10-01,35739.969
16224,09:55:39.969000,BUY,10.63,100,35739969,2019-10-01,35739.969
16226,09:55:39.969000,BUY,10.63,100,35739969,2019-10-01,35739.969
16344,09:55:42.602000,BUY,10.64,200,35742602,2019-10-01,35742.602
16372,09:55:42.626000,BUY,10.64,200,35742626,2019-10-01,35742.626
16376,09:55:42.626000,BUY,10.64,1,35742626,2019-10-01,35742.626
16378,09:55:42.626000,BUY,10.64,99,35742626,2019-10-01,35742.626
16455,09:55:43.475000,BUY,10.65,200,35743475,2019-10-01,35743.475
16459,09:55:43.475000,BUY,10.65,100,35743475,2019-10-01,35743.475
16461,09:55:43.475000,BUY,10.65,400,35743475,2019-10-01,35743.475
16463,09:55:43.475000,BUY,10.65,200,35743475,2019-10-01,35743.475
16465,09:55:43.475000,BUY,10.65,100,35743475,2019-10-01,35743.475
16467,09:55:43.475000,BUY,10.65,100,35743475,2019-10-01,35743.475
16469,09:55:43.475000,BUY,10.65,500,35743475,2019-10-01,35743.475
16471,09:55:43.475000,BUY,10.65,100,35743475,2019-10-01,35743.475
16473,09:55:43.475000,BUY,10.65,200,35743475,2019-10-01,35743.475
16633,09:55:56.394000,BUY,10.65,500,35756394,2019-10-01,35756.394
16637,09:55:56.394000,BUY,10.65,15,35756394,2019-10-01,35756.394
16639,09:55:56.394000,BUY,10.65,100,35756394,2019-10-01,35756.394
16641,09:55:56.394000,BUY,10.65,100,35756394,2019-10-01,35756.394
16658,09:55:56.394000,BUY,10.65,100,35756394,2019-10-01,35756.394
16725,09:55:56.479000,SELL,10.65,300,35756479,2019-10-01,35756.479
16746,09:55:56.481000,SELL,10.65,100,35756481,2019-10-01,35756.481
16748,09:55:56.481000,SELL,10.65,100,35756481,2019-10-01,35756.481
16750,09:55:56.481000,SELL,10.65,100,35756481,2019-10-01,35756.481
16752,09:55:56.481000,SELL,10.65,100,35756481,2019-10-01,35756.481
16754,09:55:56.481000,SELL,10.65,500,35756481,2019-10-01,35756.481
16756,09:55:56.481000,SELL,10.65,100,35756481,2019-10-01,35756.481
16946,09:56:19.954000,BUY,10.65,1000,35779954,2019-10-01,35779.954
16951,09:56:19.954000,BUY,10.65,200,35779954,2019-10-01,35779.954
16953,09:56:19.954000,BUY,10.65,9,35779954,2019-10-01,35779.954
17132,09:56:25.090000,SELL,10.65,200,35785090,2019-10-01,35785.09
17136,09:56:25.090000,SELL,10.65,100,35785090,2019-10-01,35785.09
17352,09:56:50.044000,SELL,10.64,200,35810044,2019-10-01,35810.044
17593,09:57:24.955000,BUY,10.64,200,35844955,2019-10-01,35844.955
17610,09:57:24.955000,BUY,10.64,3,35844955,2019-10-01,35844.955
17612,09:57:24.955000,BUY,10.64,97,35844955,2019-10-01,35844.955
17912,09:58:32.664000,SELL,10.63,1200,35912664,2019-10-01,35912.664
17916,09:58:32.664000,SELL,10.63,100,35912664,2019-10-01,35912.664
18635,10:00:00.021000,SELL,10.6,420,36000021,2019-10-01,36000.021
18759,10:00:01.109000,BUY,10.59,200,36001109,2019-10-01,36001.109
18902,10:00:05.052000,BUY,10.58,124,36005052,2019-10-01,36005.052
18904,10:00:05.052000,BUY,10.58,100,36005052,2019-10-01,36005.052
19037,10:00:08.314000,SELL,10.58,308,36008314,2019-10-01,36008.314
19091,10:00:08.588000,SELL,10.57,200,36008588,2019-10-01,36008.588
19159,10:00:08.704000,BUY,10.57,500,36008704,2019-10-01,36008.704
19167,10:00:08.704000,BUY,10.57,31,36008704,2019-10-01,36008.704
19169,10:00:08.704000,BUY,10.57,5,36008704,2019-10-01,36008.704
19291,10:00:14.201000,BUY,10.58,129,36014201,2019-10-01,36014.201
19380,10:00:17.223000,BUY,10.59,101,36017223,2019-10-01,36017.223
19384,10:00:17.223000,BUY,10.59,50,36017223,2019-10-01,36017.223
19504,10:00:20.783000,SELL,10.59,251,36020783,2019-10-01,36020.783
19508,10:00:20.783000,SELL,10.59,200,36020783,2019-10-01,36020.783
19510,10:00:20.783000,SELL,10.59,300,36020783,2019-10-01,36020.783
19793,10:00:51.581000,BUY,10.58,400,36051581,2019-10-01,36051.581
20057,10:01:00.022000,BUY,10.57,600,36060022,2019-10-01,36060.022
20061,10:01:00.022000,BUY,10.57,100,36060022,2019-10-01,36060.022
20063,10:01:00.022000,BUY,10.57,17,36060022,2019-10-01,36060.022
20068,10:01:00.022000,SELL,10.56,100,36060022,2019-10-01,36060.022
20090,10:01:00.022000,BUY,10.57,75,36060022,2019-10-01,36060.022
20094,10:01:00.022000,BUY,10.57,164,36060022,2019-10-01,36060.022
20097,10:01:00.023000,BUY,10.57,248,36060023,2019-10-01,36060.023
20539,10:02:00.151000,BUY,10.58,196,36120151,2019-10-01,36120.151
20541,10:02:00.151000,BUY,10.58,14,36120151,2019-10-01,36120.151
20780,10:02:07.475000,SELL,10.58,200,36127475,2019-10-01,36127.475
21317,10:02:39.701000,SELL,10.56,77,36159701,2019-10-01,36159.701
21372,10:02:40.852000,SELL,10.56,23,36160852,2019-10-01,36160.852
21472,10:02:41.958000,BUY,10.56,300,36161958,2019-10-01,36161.958
21642,10:02:58.104000,BUY,10.56,48,36178104,2019-10-01,36178.104
21644,10:02:58.104000,BUY,10.56,100,36178104,2019-10-01,36178.104
21646,10:02:58.104000,BUY,10.56,100,36178104,2019-10-01,36178.104
21721,10:02:59.339000,BUY,10.56,200,36179339,2019-10-01,36179.339
21725,10:02:59.339000,BUY,10.56,100,36179339,2019-10-01,36179.339
21760,10:02:59.344000,SELL,10.55,202,36179344,2019-10-01,36179.344
21916,10:03:10.755000,SELL,10.55,1,36190755,2019-10-01,36190.755
21926,10:03:10.951000,SELL,10.55,2,36190951,2019-10-01,36190.951
21935,10:03:10.951000,SELL,10.55,1,36190951,2019-10-01,36190.951
21955,10:03:11.299000,SELL,10.55,127,36191299,2019-10-01,36191.299
21959,10:03:11.299000,SELL,10.55,73,36191299,2019-10-01,36191.299
21971,10:03:11.299000,SELL,10.55,27,36191299,2019-10-01,36191.299
22142,10:03:17.513000,BUY,10.55,16,36197513,2019-10-01,36197.513
22146,10:03:17.513000,BUY,10.55,1,36197513,2019-10-01,36197.513
22148,10:03:17.513000,BUY,10.55,83,36197513,2019-10-01,36197.513
22152,10:03:17.513000,BUY,10.55,17,36197513,2019-10-01,36197.513
22154,10:03:17.513000,BUY,10.55,100,36197513,2019-10-01,36197.513
22237,10:03:17.857000,SELL,10.55,200,36197857,2019-10-01,36197.857
22277,10:03:18.093000,SELL,10.55,200,36198093,2019-10-01,36198.093
22281,10:03:18.093000,SELL,10.55,100,36198093,2019-10-01,36198.093
22283,10:03:18.093000,SELL,10.55,66,36198093,2019-10-01,36198.093
22296,10:03:18.093000,SELL,10.55,1,36198093,2019-10-01,36198.093
22298,10:03:18.093000,SELL,10.55,1,36198093,2019-10-01,36198.093
22304,10:03:18.094000,SELL,10.55,400,36198094,2019-10-01,36198.094
22340,10:03:18.097000,SELL,10.55,201,36198097,2019-10-01,36198.097
22802,10:03:53.480000,SELL,10.54,200,36233480,2019-10-01,36233.48
22804,10:03:53.480000,SELL,10.54,100,36233480,2019-10-01,36233.48
22806,10:03:53.480000,SELL,10.54,100,36233480,2019-10-01,36233.48
23201,10:04:10.777000,SELL,10.52,100,36250777,2019-10-01,36250.777
23980,10:05:07.724000,BUY,10.5,200,36307724,2019-10-01,36307.724
23984,10:05:07.724000,BUY,10.5,400,36307724,2019-10-01,36307.724
23986,10:05:07.724000,BUY,10.5,14,36307724,2019-10-01,36307.724
23988,10:05:07.724000,BUY,10.5,86,36307724,2019-10-01,36307.724
24014,10:05:07.724000,BUY,10.5,14,36307724,2019-10-01,36307.724
24268,10:05:19.918000,SELL,10.5,200,36319918,2019-10-01,36319.918
24750,10:05:39.742000,BUY,10.48,200,36339742,2019-10-01,36339.742
24754,10:05:39.742000,BUY,10.48,100,36339742,2019-10-01,36339.742
24756,10:05:39.742000,BUY,10.48,100,36339742,2019-10-01,36339.742
24758,10:05:39.742000,BUY,10.48,100,36339742,2019-10-01,36339.742
24760,10:05:39.742000,BUY,10.48,100,36339742,2019-10-01,36339.742
24762,10:05:39.742000,BUY,10.48,400,36339742,2019-10-01,36339.742
24764,10:05:39.742000,BUY,10.48,11,36339742,2019-10-01,36339.742
24766,10:05:39.742000,BUY,10.48,19,36339742,2019-10-01,36339.742
24787,10:05:39.742000,BUY,10.48,100,36339742,2019-10-01,36339.742
24822,10:05:39.742000,BUY,10.48,100,36339742,2019-10-01,36339.742
24827,10:05:39.742000,BUY,10.48,100,36339742,2019-10-01,36339.742
24915,10:05:40.697000,BUY,10.49,200,36340697,2019-10-01,36340.697
24919,10:05:40.697000,BUY,10.49,100,36340697,2019-10-01,36340.697
24921,10:05:40.697000,BUY,10.49,100,36340697,2019-10-01,36340.697
24923,10:05:40.697000,BUY,10.49,100,36340697,2019-10-01,36340.697
24925,10:05:40.697000,BUY,10.49,100,36340697,2019-10-01,36340.697
24927,10:05:40.697000,BUY,10.49,300,36340697,2019-10-01,36340.697
24929,10:05:40.697000,BUY,10.49,200,36340697,2019-10-01,36340.697
24931,10:05:40.697000,BUY,10.49,100,36340697,2019-10-01,36340.697
24933,10:05:40.697000,BUY,10.49,101,36340697,2019-10-01,36340.697
25232,10:06:05.533000,BUY,10.49,200,36365533,2019-10-01,36365.533
25236,10:06:05.533000,BUY,10.49,100,36365533,2019-10-01,36365.533
25238,10:06:05.533000,BUY,10.49,12,36365533,2019-10-01,36365.533
25240,10:06:05.533000,BUY,10.49,100,36365533,2019-10-01,36365.533
25242,10:06:05.533000,BUY,10.49,100,36365533,2019-10-01,36365.533
25254,10:06:05.533000,BUY,10.49,100,36365533,2019-10-01,36365.533
25287,10:06:05.533000,BUY,10.49,100,36365533,2019-10-01,36365.533
25505,10:06:17.204000,BUY,10.5,200,36377204,2019-10-01,36377.204
25515,10:06:17.204000,BUY,10.5,100,36377204,2019-10-01,36377.204
25691,10:06:24.482000,SELL,10.5,210,36384482,2019-10-01,36384.482
25715,10:06:24.773000,SELL,10.5,68,36384773,2019-10-01,36384.773
25795,10:06:26.066000,SELL,10.5,300,36386066,2019-10-01,36386.066
26170,10:07:00.036000,SELL,10.5,100,36420036,2019-10-01,36420.036
26172,10:07:00.036000,SELL,10.5,100,36420036,2019-10-01,36420.036
26174,10:07:00.036000,SELL,10.5,200,36420036,2019-10-01,36420.036
26176,10:07:00.036000,SELL,10.5,400,36420036,2019-10-01,36420.036
26179,10:07:00.036000,SELL,10.5,95,36420036,2019-10-01,36420.036
26406,10:07:05.701000,SELL,10.49,100,36425701,2019-10-01,36425.701
26673,10:07:19.031000,BUY,10.49,126,36439031,2019-10-01,36439.031
26715,10:07:19.032000,BUY,10.49,62,36439032,2019-10-01,36439.032
26717,10:07:19.032000,BUY,10.49,24,36439032,2019-10-01,36439.032
26727,10:07:19.032000,BUY,10.49,62,36439032,2019-10-01,36439.032
26737,10:07:19.032000,BUY,10.49,14,36439032,2019-10-01,36439.032
27318,10:08:43.947000,BUY,10.5,500,36523947,2019-10-01,36523.947
27322,10:08:43.947000,BUY,10.5,200,36523947,2019-10-01,36523.947
27324,10:08:43.947000,BUY,10.5,11,36523947,2019-10-01,36523.947
27821,10:09:29.029000,SELL,10.5,900,36569029,2019-10-01,36569.029
27825,10:09:29.029000,SELL,10.5,100,36569029,2019-10-01,36569.029
28562,10:10:19.690000,BUY,10.49,112,36619690,2019-10-01,36619.69
28763,10:10:28.434000,SELL,10.49,200,36628434,2019-10-01,36628.434
28767,10:10:28.434000,SELL,10.49,100,36628434,2019-10-01,36628.434
28990,10:10:58.636000,BUY,10.49,113,36658636,2019-10-01,36658.636
28994,10:10:58.636000,BUY,10.49,87,36658636,2019-10-01,36658.636
29002,10:10:58.636000,BUY,10.49,13,36658636,2019-10-01,36658.636
29280,10:11:15.060000,BUY,10.5,200,36675060,2019-10-01,36675.06
29832,10:12:16.017000,SELL,10.49,201,36736017,2019-10-01,36736.017
29760,10:12:11.488000,BUY,10.5,100,36731488,2019-10-01,36731.488
29862,10:12:16.682000,SELL,10.49,100,36736682,2019-10-01,36736.682
30068,10:12:43.507000,SELL,10.49,200,36763507,2019-10-01,36763.507
29942,10:12:30.018000,BUY,10.5,100,36750018,2019-10-01,36750.018
30072,10:12:43.507000,SELL,10.49,100,36763507,2019-10-01,36763.507
30074,10:12:43.507000,SELL,10.49,100,36763507,2019-10-01,36763.507
30295,10:13:00.315000,SELL,10.48,300,36780315,2019-10-01,36780.315
30300,10:13:00.315000,SELL,10.48,14,36780315,2019-10-01,36780.315
30592,10:13:02.699000,SELL,10.46,200,36782699,2019-10-01,36782.699
30596,10:13:02.699000,SELL,10.46,200,36782699,2019-10-01,36782.699
30598,10:13:02.699000,SELL,10.46,300,36782699,2019-10-01,36782.699
30614,10:13:02.700000,SELL,10.46,100,36782700,2019-10-01,36782.7
30717,10:13:03.171000,BUY,10.46,182,36783171,2019-10-01,36783.171
30723,10:13:03.171000,BUY,10.46,18,36783171,2019-10-01,36783.171
30725,10:13:03.171000,BUY,10.46,100,36783171,2019-10-01,36783.171
30727,10:13:03.171000,BUY,10.46,60,36783171,2019-10-01,36783.171
30732,10:13:03.171000,BUY,10.46,132,36783171,2019-10-01,36783.171
30736,10:13:03.171000,BUY,10.46,68,36783171,2019-10-01,36783.171
30738,10:13:03.171000,BUY,10.46,100,36783171,2019-10-01,36783.171
30740,10:13:03.171000,BUY,10.46,3,36783171,2019-10-01,36783.171
30742,10:13:03.171000,BUY,10.46,281,36783171,2019-10-01,36783.171
30744,10:13:03.171000,BUY,10.46,419,36783171,2019-10-01,36783.171
30978,10:13:06.395000,BUY,10.47,200,36786395,2019-10-01,36786.395
30982,10:13:06.395000,BUY,10.48,100,36786395,2019-10-01,36786.395
30984,10:13:06.395000,BUY,10.48,100,36786395,2019-10-01,36786.395
30986,10:13:06.395000,BUY,10.48,100,36786395,2019-10-01,36786.395
31475,10:14:02.050000,SELL,10.47,81,36842050,2019-10-01,36842.05
31522,10:14:06.567000,SELL,10.47,200,36846567,2019-10-01,36846.567
31526,10:14:06.567000,SELL,10.47,100,36846567,2019-10-01,36846.567
31918,10:14:33.159000,BUY,10.47,200,36873159,2019-10-01,36873.159
31922,10:14:33.159000,BUY,10.47,100,36873159,2019-10-01,36873.159
31924,10:14:33.159000,BUY,10.47,100,36873159,2019-10-01,36873.159
31926,10:14:33.159000,BUY,10.47,100,36873159,2019-10-01,36873.159
31928,10:14:33.159000,BUY,10.47,11,36873159,2019-10-01,36873.159
31930,10:14:33.159000,BUY,10.47,5,36873159,2019-10-01,36873.159
32156,10:14:53.295000,BUY,10.48,300,36893295,2019-10-01,36893.295
32160,10:14:53.295000,BUY,10.48,100,36893295,2019-10-01,36893.295
32162,10:14:53.295000,BUY,10.48,100,36893295,2019-10-01,36893.295
32527,10:15:33.551000,BUY,10.49,200,36933551,2019-10-01,36933.551
32531,10:15:33.551000,BUY,10.49,13,36933551,2019-10-01,36933.551
32900,10:15:58.082000,BUY,10.5,278,36958082,2019-10-01,36958.082
33290,10:16:48.332000,BUY,10.5,201,37008332,2019-10-01,37008.332
33334,10:16:50.404000,BUY,10.5,121,37010404,2019-10-01,37010.404
33637,10:17:10.020000,BUY,10.51,226,37030020,2019-10-01,37030.02
33729,10:17:16.414000,BUY,10.51,179,37036414,2019-10-01,37036.414
33822,10:17:22.691000,BUY,10.51,21,37042691,2019-10-01,37042.691
33853,10:17:25.025000,BUY,10.51,192,37045025,2019-10-01,37045.025
34233,10:18:10.269000,SELL,10.5,126,37090269,2019-10-01,37090.269
34259,10:18:10.269000,SELL,10.5,74,37090269,2019-10-01,37090.269
34261,10:18:10.269000,SELL,10.5,100,37090269,2019-10-01,37090.269
34283,10:18:10.269000,SELL,10.5,67,37090269,2019-10-01,37090.269
34304,10:18:10.270000,SELL,10.5,100,37090270,2019-10-01,37090.27
34441,10:18:14.267000,BUY,10.5,200,37094267,2019-10-01,37094.267
34445,10:18:14.267000,BUY,10.5,100,37094267,2019-10-01,37094.267
34447,10:18:14.267000,BUY,10.5,100,37094267,2019-10-01,37094.267
34449,10:18:14.267000,BUY,10.5,100,37094267,2019-10-01,37094.267
34452,10:18:14.267000,BUY,10.5,700,37094267,2019-10-01,37094.267
34454,10:18:14.267000,BUY,10.5,100,37094267,2019-10-01,37094.267
34457,10:18:14.267000,BUY,10.5,100,37094267,2019-10-01,37094.267
34460,10:18:14.267000,BUY,10.5,55,37094267,2019-10-01,37094.267
34462,10:18:14.267000,BUY,10.5,500,37094267,2019-10-01,37094.267
34465,10:18:14.267000,BUY,10.5,300,37094267,2019-10-01,37094.267
34688,10:18:33.978000,SELL,10.5,700,37113978,2019-10-01,37113.978
34824,10:18:45.043000,BUY,10.51,108,37125043,2019-10-01,37125.043
34828,10:18:45.043000,BUY,10.51,92,37125043,2019-10-01,37125.043
34839,10:18:45.043000,BUY,10.51,100,37125043,2019-10-01,37125.043
34841,10:18:45.043000,BUY,10.51,100,37125043,2019-10-01,37125.043
34996,10:18:47.340000,SELL,10.51,200,37127340,2019-10-01,37127.34
35000,10:18:47.340000,SELL,10.51,100,37127340,2019-10-01,37127.34
35002,10:18:47.340000,SELL,10.51,100,37127340,2019-10-01,37127.34
35004,10:18:47.340000,SELL,10.51,100,37127340,2019-10-01,37127.34
35006,10:18:47.340000,SELL,10.51,100,37127340,2019-10-01,37127.34
35008,10:18:47.340000,SELL,10.51,100,37127340,2019-10-01,37127.34
35010,10:18:47.340000,SELL,10.51,500,37127340,2019-10-01,37127.34
35012,10:18:47.340000,SELL,10.51,300,37127340,2019-10-01,37127.34
35239,10:18:56.714000,BUY,10.51,900,37136714,2019-10-01,37136.714
35245,10:18:56.714000,BUY,10.51,100,37136714,2019-10-01,37136.714
35436,10:19:00.453000,BUY,10.52,300,37140453,2019-10-01,37140.453
35521,10:19:01.111000,BUY,10.52,200,37141111,2019-10-01,37141.111
35525,10:19:01.111000,BUY,10.52,100,37141111,2019-10-01,37141.111
35527,10:19:01.111000,BUY,10.52,100,37141111,2019-10-01,37141.111
35872,10:19:58.474000,SELL,10.51,200,37198474,2019-10-01,37198.474
36213,10:20:21.393000,SELL,10.5,1200,37221393,2019-10-01,37221.393
36527,10:20:25.022000,BUY,10.49,200,37225022,2019-10-01,37225.022
36531,10:20:25.022000,BUY,10.49,5,37225022,2019-10-01,37225.022
36533,10:20:25.022000,BUY,10.49,100,37225022,2019-10-01,37225.022
36606,10:20:26.089000,BUY,10.49,716,37226089,2019-10-01,37226.089
36750,10:20:28.768000,SELL,10.49,500,37228768,2019-10-01,37228.768
36754,10:20:28.768000,SELL,10.49,100,37228768,2019-10-01,37228.768
36756,10:20:28.768000,SELL,10.49,100,37228768,2019-10-01,37228.768
36758,10:20:28.768000,SELL,10.49,100,37228768,2019-10-01,37228.768
37085,10:20:56.199000,SELL,10.49,200,37256199,2019-10-01,37256.199
36888,10:20:33.682000,BUY,10.5,100,37233682,2019-10-01,37233.682
37089,10:20:56.199000,SELL,10.49,100,37256199,2019-10-01,37256.199
37485,10:21:12.514000,BUY,10.49,50,37272514,2019-10-01,37272.514
37701,10:21:31.799000,SELL,10.49,200,37291799,2019-10-01,37291.799
37537,10:21:14.220000,BUY,10.49,61,37274220,2019-10-01,37274.22
37705,10:21:31.799000,SELL,10.49,100,37291799,2019-10-01,37291.799
38256,10:22:23.090000,BUY,10.49,110,37343090,2019-10-01,37343.09
38260,10:22:23.090000,BUY,10.49,100,37343090,2019-10-01,37343.09
38703,10:23:19.815000,SELL,10.49,83,37399815,2019-10-01,37399.815
38995,10:23:51.228000,BUY,10.5,111,37431228,2019-10-01,37431.228
39193,10:24:07.115000,SELL,10.5,200,37447115,2019-10-01,37447.115
39197,10:24:07.115000,SELL,10.5,100,37447115,2019-10-01,37447.115
39199,10:24:07.115000,SELL,10.5,200,37447115,2019-10-01,37447.115
39201,10:24:07.115000,SELL,10.5,100,37447115,2019-10-01,37447.115
39618,10:24:55.593000,BUY,10.5,26,37495593,2019-10-01,37495.593
39918,10:25:15.563000,SELL,10.5,200,37515563,2019-10-01,37515.563
39922,10:25:15.563000,SELL,10.5,100,37515563,2019-10-01,37515.563
39924,10:25:15.563000,SELL,10.5,100,37515563,2019-10-01,37515.563
39926,10:25:15.563000,SELL,10.5,100,37515563,2019-10-01,37515.563
39928,10:25:15.563000,SELL,10.5,600,37515563,2019-10-01,37515.563
40167,10:25:45.573000,BUY,10.5,700,37545573,2019-10-01,37545.573
40171,10:25:45.573000,BUY,10.5,1,37545573,2019-10-01,37545.573
40173,10:25:45.573000,BUY,10.5,5,37545573,2019-10-01,37545.573
40175,10:25:45.573000,BUY,10.5,80,37545573,2019-10-01,37545.573
40177,10:25:45.573000,BUY,10.5,100,37545573,2019-10-01,37545.573
40353,10:25:54.081000,BUY,10.51,200,37554081,2019-10-01,37554.081
40357,10:25:54.081000,BUY,10.51,200,37554081,2019-10-01,37554.081
40359,10:25:54.081000,BUY,10.51,11,37554081,2019-10-01,37554.081
40787,10:26:39.812000,SELL,10.51,200,37599812,2019-10-01,37599.812
40791,10:26:39.812000,SELL,10.51,100,37599812,2019-10-01,37599.812
40793,10:26:39.812000,SELL,10.51,100,37599812,2019-10-01,37599.812
41334,10:27:20.689000,SELL,10.49,200,37640689,2019-10-01,37640.689
41572,10:27:35.027000,BUY,10.49,200,37655027,2019-10-01,37655.027
41576,10:27:35.027000,BUY,10.49,100,37655027,2019-10-01,37655.027
41578,10:27:35.027000,BUY,10.49,100,37655027,2019-10-01,37655.027
41580,10:27:35.027000,BUY,10.49,9,37655027,2019-10-01,37655.027
41582,10:27:35.027000,BUY,10.49,100,37655027,2019-10-01,37655.027
41782,10:27:39.314000,SELL,10.49,100,37659314,2019-10-01,37659.314
42006,10:27:54.631000,BUY,10.49,609,37674631,2019-10-01,37674.631
42439,10:28:25.029000,BUY,10.49,109,37705029,2019-10-01,37705.029
42443,10:28:25.029000,BUY,10.49,100,37705029,2019-10-01,37705.029
42532,10:28:28.121000,BUY,10.49,400,37708121,2019-10-01,37708.121
42849,10:28:54.748000,BUY,10.5,300,37734748,2019-10-01,37734.748
43285,10:29:45.041000,BUY,10.51,200,37785041,2019-10-01,37785.041
43292,10:29:45.041000,BUY,10.51,46,37785041,2019-10-01,37785.041
43294,10:29:45.041000,BUY,10.51,9,37785041,2019-10-01,37785.041
43296,10:29:45.041000,BUY,10.51,1200,37785041,2019-10-01,37785.041
43416,10:29:47.146000,BUY,10.52,200,37787146,2019-10-01,37787.146
43420,10:29:47.146000,BUY,10.52,100,37787146,2019-10-01,37787.146
43422,10:29:47.146000,BUY,10.52,100,37787146,2019-10-01,37787.146
43424,10:29:47.146000,BUY,10.52,100,37787146,2019-10-01,37787.146
43426,10:29:47.146000,BUY,10.52,100,37787146,2019-10-01,37787.146
43428,10:29:47.146000,BUY,10.52,400,37787146,2019-10-01,37787.146
43430,10:29:47.146000,BUY,10.52,500,37787146,2019-10-01,37787.146
43432,10:29:47.146000,BUY,10.52,100,37787146,2019-10-01,37787.146
43434,10:29:47.146000,BUY,10.52,200,37787146,2019-10-01,37787.146
43436,10:29:47.146000,BUY,10.52,100,37787146,2019-10-01,37787.146
43438,10:29:47.146000,BUY,10.52,200,37787146,2019-10-01,37787.146
43514,10:29:47.596000,SELL,10.51,100,37787596,2019-10-01,37787.596
43551,10:29:50.027000,BUY,10.52,200,37790027,2019-10-01,37790.027
43956,10:30:06.627000,SELL,10.52,200,37806627,2019-10-01,37806.627
43960,10:30:06.627000,SELL,10.52,100,37806627,2019-10-01,37806.627
43962,10:30:06.627000,SELL,10.52,100,37806627,2019-10-01,37806.627
43964,10:30:06.627000,SELL,10.52,200,37806627,2019-10-01,37806.627
43966,10:30:06.627000,SELL,10.52,300,37806627,2019-10-01,37806.627
43968,10:30:06.627000,SELL,10.52,100,37806627,2019-10-01,37806.627
44494,10:31:01.535000,SELL,10.51,200,37861535,2019-10-01,37861.535
44498,10:31:01.535000,SELL,10.51,100,37861535,2019-10-01,37861.535
44500,10:31:01.535000,SELL,10.51,100,37861535,2019-10-01,37861.535
44502,10:31:01.535000,SELL,10.51,100,37861535,2019-10-01,37861.535
44504,10:31:01.535000,SELL,10.51,100,37861535,2019-10-01,37861.535
44551,10:31:01.537000,SELL,10.51,200,37861537,2019-10-01,37861.537
44745,10:31:15.024000,BUY,10.51,200,37875024,2019-10-01,37875.024
44749,10:31:15.024000,BUY,10.51,100,37875024,2019-10-01,37875.024
44751,10:31:15.024000,BUY,10.51,100,37875024,2019-10-01,37875.024
44753,10:31:15.024000,BUY,10.51,9,37875024,2019-10-01,37875.024
44755,10:31:15.024000,BUY,10.51,200,37875024,2019-10-01,37875.024
44757,10:31:15.024000,BUY,10.51,100,37875024,2019-10-01,37875.024
44759,10:31:15.024000,BUY,10.51,91,37875024,2019-10-01,37875.024
45077,10:32:17.238000,SELL,10.51,200,37937238,2019-10-01,37937.238
45081,10:32:17.238000,SELL,10.51,300,37937238,2019-10-01,37937.238
45083,10:32:17.238000,SELL,10.51,100,37937238,2019-10-01,37937.238
45085,10:32:17.238000,SELL,10.51,100,37937238,2019-10-01,37937.238
45087,10:32:17.238000,SELL,10.51,100,37937238,2019-10-01,37937.238
45089,10:32:17.238000,SELL,10.51,700,37937238,2019-10-01,37937.238
45091,10:32:17.238000,SELL,10.51,400,37937238,2019-10-01,37937.238
45093,10:32:17.238000,SELL,10.51,100,37937238,2019-10-01,37937.238
45686,10:35:24.027000,SELL,10.5,200,38124027,2019-10-01,38124.027
45690,10:35:24.027000,SELL,10.5,100,38124027,2019-10-01,38124.027
45692,10:35:24.027000,SELL,10.5,100,38124027,2019-10-01,38124.027
45694,10:35:24.027000,SELL,10.5,100,38124027,2019-10-01,38124.027
45696,10:35:24.027000,SELL,10.5,100,38124027,2019-10-01,38124.027
45698,10:35:24.027000,SELL,10.5,100,38124027,2019-10-01,38124.027
45700,10:35:24.027000,SELL,10.5,100,38124027,2019-10-01,38124.027
45702,10:35:24.027000,SELL,10.5,100,38124027,2019-10-01,38124.027
45704,10:35:24.027000,SELL,10.5,800,38124027,2019-10-01,38124.027
45706,10:35:24.027000,SELL,10.5,100,38124027,2019-10-01,38124.027
45748,10:35:24.028000,SELL,10.5,357,38124028,2019-10-01,38124.028
45933,10:35:46.794000,BUY,10.5,206,38146794,2019-10-01,38146.794
45950,10:35:46.795000,BUY,10.5,108,38146795,2019-10-01,38146.795
45954,10:35:46.795000,BUY,10.5,592,38146795,2019-10-01,38146.795
45956,10:35:46.795000,BUY,10.5,9,38146795,2019-10-01,38146.795
45958,10:35:46.795000,BUY,10.5,100,38146795,2019-10-01,38146.795
45960,10:35:46.795000,BUY,10.5,100,38146795,2019-10-01,38146.795
45962,10:35:46.795000,BUY,10.5,100,38146795,2019-10-01,38146.795
45964,10:35:46.795000,BUY,10.5,100,38146795,2019-10-01,38146.795
46336,10:36:28.418000,SELL,10.5,400,38188418,2019-10-01,38188.418
46340,10:36:28.418000,SELL,10.5,600,38188418,2019-10-01,38188.418
46342,10:36:28.418000,SELL,10.5,100,38188418,2019-10-01,38188.418
46344,10:36:28.418000,SELL,10.5,100,38188418,2019-10-01,38188.418
46566,10:36:56.103000,BUY,10.5,1100,38216103,2019-10-01,38216.103
46570,10:36:56.103000,BUY,10.5,100,38216103,2019-10-01,38216.103
46572,10:36:56.103000,BUY,10.5,100,38216103,2019-10-01,38216.103
46574,10:36:56.103000,BUY,10.5,100,38216103,2019-10-01,38216.103
46576,10:36:56.103000,BUY,10.5,42,38216103,2019-10-01,38216.103
46578,10:36:56.103000,BUY,10.5,700,38216103,2019-10-01,38216.103
46580,10:36:56.103000,BUY,10.5,480,38216103,2019-10-01,38216.103
46582,10:36:56.103000,BUY,10.5,200,38216103,2019-10-01,38216.103
46584,10:36:56.103000,BUY,10.5,500,38216103,2019-10-01,38216.103
46586,10:36:56.103000,BUY,10.5,100,38216103,2019-10-01,38216.103
46632,10:36:56.103000,BUY,10.5,100,38216103,2019-10-01,38216.103
46914,10:38:06.348000,BUY,10.51,300,38286348,2019-10-01,38286.348
46918,10:38:06.348000,BUY,10.51,9,38286348,2019-10-01,38286.348
46920,10:38:06.348000,BUY,10.51,100,38286348,2019-10-01,38286.348
47093,10:38:07.071000,SELL,10.51,800,38287071,2019-10-01,38287.071
47097,10:38:07.071000,SELL,10.51,100,38287071,2019-10-01,38287.071
47099,10:38:07.071000,SELL,10.51,100,38287071,2019-10-01,38287.071
47101,10:38:07.071000,SELL,10.51,700,38287071,2019-10-01,38287.071
47103,10:38:07.071000,SELL,10.51,100,38287071,2019-10-01,38287.071
47105,10:38:07.071000,SELL,10.51,100,38287071,2019-10-01,38287.071
47107,10:38:07.071000,SELL,10.51,100,38287071,2019-10-01,38287.071
47109,10:38:07.071000,SELL,10.51,100,38287071,2019-10-01,38287.071
47392,10:38:23.065000,SELL,10.5,200,38303065,2019-10-01,38303.065
47396,10:38:23.065000,SELL,10.5,100,38303065,2019-10-01,38303.065
47398,10:38:23.065000,SELL,10.5,100,38303065,2019-10-01,38303.065
47400,10:38:23.065000,SELL,10.5,100,38303065,2019-10-01,38303.065
47402,10:38:23.065000,SELL,10.5,500,38303065,2019-10-01,38303.065
47625,10:38:49.068000,SELL,10.49,200,38329068,2019-10-01,38329.068
47629,10:38:49.068000,SELL,10.49,100,38329068,2019-10-01,38329.068
47976,10:39:49.681000,BUY,10.49,107,38389681,2019-10-01,38389.681
47980,10:39:49.681000,BUY,10.49,400,38389681,2019-10-01,38389.681
48343,10:40:26.503000,SELL,10.49,200,38426503,2019-10-01,38426.503
49300,10:43:02.071000,SELL,10.46,100,38582071,2019-10-01,38582.071
48960,10:42:05.506000,BUY,10.48,740,38525506,2019-10-01,38525.506
49932,10:43:52.014000,SELL,10.46,1600,38632014,2019-10-01,38632.014
49936,10:43:52.014000,SELL,10.46,100,38632014,2019-10-01,38632.014
50425,10:45:05.102000,BUY,10.46,219,38705102,2019-10-01,38705.102
50479,10:45:05.102000,BUY,10.46,100,38705102,2019-10-01,38705.102
50500,10:45:05.102000,BUY,10.46,100,38705102,2019-10-01,38705.102
50503,10:45:05.102000,BUY,10.46,281,38705102,2019-10-01,38705.102
50505,10:45:05.102000,BUY,10.46,100,38705102,2019-10-01,38705.102
50581,10:45:05.442000,SELL,10.46,200,38705442,2019-10-01,38705.442
50585,10:45:05.442000,SELL,10.46,100,38705442,2019-10-01,38705.442
50587,10:45:05.442000,SELL,10.46,100,38705442,2019-10-01,38705.442
50589,10:45:05.442000,SELL,10.46,100,38705442,2019-10-01,38705.442
50591,10:45:05.442000,SELL,10.46,200,38705442,2019-10-01,38705.442
50593,10:45:05.442000,SELL,10.46,600,38705442,2019-10-01,38705.442
50595,10:45:05.442000,SELL,10.46,100,38705442,2019-10-01,38705.442
50881,10:45:37.559000,SELL,10.45,44,38737559,2019-10-01,38737.559
50915,10:45:37.560000,SELL,10.45,3,38737560,2019-10-01,38737.56
50924,10:45:37.560000,SELL,10.45,2,38737560,2019-10-01,38737.56
50928,10:45:37.560000,SELL,10.45,1,38737560,2019-10-01,38737.56
50932,10:45:37.560000,SELL,10.45,1,38737560,2019-10-01,38737.56
51100,10:45:47.954000,BUY,10.46,109,38747954,2019-10-01,38747.954
51108,10:45:47.954000,BUY,10.46,64,38747954,2019-10-01,38747.954
51117,10:45:47.954000,BUY,10.46,36,38747954,2019-10-01,38747.954
51335,10:45:58.694000,BUY,10.47,200,38758694,2019-10-01,38758.694
51339,10:45:58.694000,BUY,10.47,200,38758694,2019-10-01,38758.694
51341,10:45:58.694000,BUY,10.47,100,38758694,2019-10-01,38758.694
51707,10:46:58.915000,SELL,10.47,800,38818915,2019-10-01,38818.915
51768,10:46:58.917000,SELL,10.47,100,38818917,2019-10-01,38818.917
52471,10:48:46.820000,SELL,10.46,200,38926820,2019-10-01,38926.82
52475,10:48:46.820000,SELL,10.46,100,38926820,2019-10-01,38926.82
52477,10:48:46.820000,SELL,10.46,200,38926820,2019-10-01,38926.82
52479,10:48:46.820000,SELL,10.46,100,38926820,2019-10-01,38926.82
52481,10:48:46.820000,SELL,10.46,100,38926820,2019-10-01,38926.82
52522,10:48:46.822000,SELL,10.46,200,38926822,2019-10-01,38926.822
52757,10:49:10.083000,SELL,10.45,200,38950083,2019-10-01,38950.083
52761,10:49:10.083000,SELL,10.45,100,38950083,2019-10-01,38950.083
52763,10:49:10.083000,SELL,10.45,100,38950083,2019-10-01,38950.083
52765,10:49:10.083000,SELL,10.45,100,38950083,2019-10-01,38950.083
52767,10:49:10.083000,SELL,10.45,100,38950083,2019-10-01,38950.083
52769,10:49:10.083000,SELL,10.45,300,38950083,2019-10-01,38950.083
52771,10:49:10.083000,SELL,10.45,100,38950083,2019-10-01,38950.083
52773,10:49:10.083000,SELL,10.45,200,38950083,2019-10-01,38950.083
53459,10:50:01.201000,SELL,10.44,100,39001201,2019-10-01,39001.201
53063,10:49:14.316000,BUY,10.45,400,38954316,2019-10-01,38954.316
53910,10:50:24.972000,BUY,10.44,100,39024972,2019-10-01,39024.972
53913,10:50:24.972000,BUY,10.44,15,39024972,2019-10-01,39024.972
53915,10:50:24.972000,BUY,10.44,8,39024972,2019-10-01,39024.972
53917,10:50:24.972000,BUY,10.44,100,39024972,2019-10-01,39024.972
54066,10:50:26.227000,SELL,10.44,1700,39026227,2019-10-01,39026.227
54070,10:50:26.227000,SELL,10.44,432,39026227,2019-10-01,39026.227
54557,10:51:22.050000,BUY,10.44,100,39082050,2019-10-01,39082.05
54572,10:51:22.050000,BUY,10.44,5,39082050,2019-10-01,39082.05
54574,10:51:22.050000,BUY,10.44,80,39082050,2019-10-01,39082.05
54669,10:51:22.521000,SELL,10.44,200,39082521,2019-10-01,39082.521
54673,10:51:22.521000,SELL,10.44,100,39082521,2019-10-01,39082.521
54675,10:51:22.521000,SELL,10.44,100,39082521,2019-10-01,39082.521
54677,10:51:22.521000,SELL,10.44,100,39082521,2019-10-01,39082.521
54679,10:51:22.521000,SELL,10.44,100,39082521,2019-10-01,39082.521
54681,10:51:22.521000,SELL,10.44,500,39082521,2019-10-01,39082.521
54683,10:51:22.521000,SELL,10.44,200,39082521,2019-10-01,39082.521
54685,10:51:22.521000,SELL,10.44,300,39082521,2019-10-01,39082.521
54687,10:51:22.521000,SELL,10.44,100,39082521,2019-10-01,39082.521
54689,10:51:22.521000,SELL,10.44,800,39082521,2019-10-01,39082.521
54730,10:51:22.522000,SELL,10.44,100,39082522,2019-10-01,39082.522
54773,10:51:22.653000,BUY,10.45,400,39082653,2019-10-01,39082.653
55293,10:52:55.600000,SELL,10.43,50,39175600,2019-10-01,39175.6
55170,10:52:47.792000,BUY,10.44,600,39167792,2019-10-01,39167.792
55692,10:54:12.770000,BUY,10.44,100,39252770,2019-10-01,39252.77
55694,10:54:12.770000,BUY,10.44,100,39252770,2019-10-01,39252.77
56459,10:56:14.303000,SELL,10.44,200,39374303,2019-10-01,39374.303
56140,10:55:23.265000,BUY,10.45,50,39323265,2019-10-01,39323.265
56463,10:56:14.303000,SELL,10.44,100,39374303,2019-10-01,39374.303
56465,10:56:14.303000,SELL,10.44,100,39374303,2019-10-01,39374.303
56467,10:56:14.303000,SELL,10.44,100,39374303,2019-10-01,39374.303
56469,10:56:14.303000,SELL,10.44,100,39374303,2019-10-01,39374.303
56801,10:56:49.727000,SELL,10.43,81,39409727,2019-10-01,39409.727
56592,10:56:14.604000,BUY,10.44,100,39374604,2019-10-01,39374.604
56844,10:56:49.728000,SELL,10.43,40,39409728,2019-10-01,39409.728
56846,10:56:49.728000,SELL,10.43,16,39409728,2019-10-01,39409.728
56864,10:56:49.728000,SELL,10.43,1,39409728,2019-10-01,39409.728
57236,10:58:56.735000,SELL,10.42,600,39536735,2019-10-01,39536.735
57240,10:58:56.735000,SELL,10.42,100,39536735,2019-10-01,39536.735
57242,10:58:56.735000,SELL,10.42,100,39536735,2019-10-01,39536.735
57244,10:58:56.735000,SELL,10.42,500,39536735,2019-10-01,39536.735
57302,10:58:56.845000,BUY,10.43,200,39536845,2019-10-01,39536.845
57931,10:59:24.316000,SELL,10.41,300,39564316,2019-10-01,39564.316
57317,10:58:56.847000,BUY,10.43,100,39536847,2019-10-01,39536.847
57937,10:59:24.317000,SELL,10.41,100,39564317,2019-10-01,39564.317
58282,11:00:01.440000,SELL,10.4,200,39601440,2019-10-01,39601.44
58286,11:00:01.440000,SELL,10.4,200,39601440,2019-10-01,39601.44
58288,11:00:01.440000,SELL,10.4,100,39601440,2019-10-01,39601.44
58290,11:00:01.440000,SELL,10.4,100,39601440,2019-10-01,39601.44
58292,11:00:01.440000,SELL,10.4,100,39601440,2019-10-01,39601.44
58478,11:00:01.742000,BUY,10.4,712,39601742,2019-10-01,39601.742
58552,11:00:04.148000,BUY,10.4,100,39604148,2019-10-01,39604.148
58554,11:00:04.148000,BUY,10.4,800,39604148,2019-10-01,39604.148
58556,11:00:04.148000,BUY,10.4,100,39604148,2019-10-01,39604.148
59078,11:00:53.014000,SELL,10.4,300,39653014,2019-10-01,39653.014
58903,11:00:19.006000,BUY,10.41,100,39619006,2019-10-01,39619.006
59082,11:00:53.014000,SELL,10.4,100,39653014,2019-10-01,39653.014
59084,11:00:53.014000,SELL,10.4,100,39653014,2019-10-01,39653.014
59086,11:00:53.014000,SELL,10.4,100,39653014,2019-10-01,39653.014
59088,11:00:53.014000,SELL,10.4,100,39653014,2019-10-01,39653.014
59090,11:00:53.014000,SELL,10.4,800,39653014,2019-10-01,39653.014
59092,11:00:53.014000,SELL,10.4,100,39653014,2019-10-01,39653.014
59094,11:00:53.014000,SELL,10.4,300,39653014,2019-10-01,39653.014
59275,11:01:01.311000,BUY,10.4,200,39661311,2019-10-01,39661.311
59279,11:01:01.311000,BUY,10.4,100,39661311,2019-10-01,39661.311
59281,11:01:01.311000,BUY,10.4,100,39661311,2019-10-01,39661.311
59283,11:01:01.311000,BUY,10.4,800,39661311,2019-10-01,39661.311
59522,11:01:15.522000,BUY,10.4,100,39675522,2019-10-01,39675.522
59788,11:01:30.040000,BUY,10.41,400,39690040,2019-10-01,39690.04
59902,11:01:44.033000,BUY,10.41,200,39704033,2019-10-01,39704.033
59904,11:01:44.033000,BUY,10.41,100,39704033,2019-10-01,39704.033
59906,11:01:44.033000,BUY,10.41,1,39704033,2019-10-01,39704.033
59908,11:01:44.033000,BUY,10.41,100,39704033,2019-10-01,39704.033
59910,11:01:44.033000,BUY,10.41,100,39704033,2019-10-01,39704.033
59912,11:01:44.033000,BUY,10.41,100,39704033,2019-10-01,39704.033
60534,11:02:50.547000,BUY,10.42,110,39770547,2019-10-01,39770.547
60560,11:02:50.547000,BUY,10.42,50,39770547,2019-10-01,39770.547
60988,11:03:43.939000,SELL,10.41,300,39823939,2019-10-01,39823.939
60992,11:03:43.939000,SELL,10.41,152,39823939,2019-10-01,39823.939
60994,11:03:43.939000,SELL,10.41,48,39823939,2019-10-01,39823.939
61023,11:03:43.952000,SELL,10.41,72,39823952,2019-10-01,39823.952
61268,11:03:51.099000,BUY,10.41,200,39831099,2019-10-01,39831.099
61272,11:03:51.099000,BUY,10.41,600,39831099,2019-10-01,39831.099
61274,11:03:51.099000,BUY,10.41,800,39831099,2019-10-01,39831.099
61276,11:03:51.099000,BUY,10.41,100,39831099,2019-10-01,39831.099
61278,11:03:51.099000,BUY,10.41,500,39831099,2019-10-01,39831.099
61280,11:03:51.099000,BUY,10.41,100,39831099,2019-10-01,39831.099
61282,11:03:51.099000,BUY,10.41,1,39831099,2019-10-01,39831.099
61316,11:03:51.100000,BUY,10.41,200,39831100,2019-10-01,39831.1
61725,11:04:49.300000,SELL,10.41,200,39889300,2019-10-01,39889.3
61729,11:04:49.300000,SELL,10.41,100,39889300,2019-10-01,39889.3
61731,11:04:49.300000,SELL,10.41,100,39889300,2019-10-01,39889.3
61733,11:04:49.300000,SELL,10.41,500,39889300,2019-10-01,39889.3
61796,11:04:50.834000,SELL,10.41,600,39890834,2019-10-01,39890.834
61800,11:04:50.834000,SELL,10.41,100,39890834,2019-10-01,39890.834
61802,11:04:50.834000,SELL,10.41,100,39890834,2019-10-01,39890.834
61804,11:04:50.834000,SELL,10.41,100,39890834,2019-10-01,39890.834
61806,11:04:50.834000,SELL,10.41,100,39890834,2019-10-01,39890.834
61808,11:04:50.834000,SELL,10.41,100,39890834,2019-10-01,39890.834
61810,11:04:50.834000,SELL,10.41,500,39890834,2019-10-01,39890.834
62112,11:05:38.637000,SELL,10.4,200,39938637,2019-10-01,39938.637
62116,11:05:38.637000,SELL,10.4,200,39938637,2019-10-01,39938.637
62118,11:05:38.637000,SELL,10.4,100,39938637,2019-10-01,39938.637
62120,11:05:38.637000,SELL,10.4,400,39938637,2019-10-01,39938.637
62122,11:05:38.637000,SELL,10.4,500,39938637,2019-10-01,39938.637
62208,11:05:38.638000,BUY,10.4,1300,39938638,2019-10-01,39938.638
62429,11:06:44.168000,BUY,10.4,7,40004168,2019-10-01,40004.168
62431,11:06:44.168000,BUY,10.4,200,40004168,2019-10-01,40004.168
62597,11:06:45.802000,BUY,10.41,300,40005802,2019-10-01,40005.802
63168,11:08:50.043000,BUY,10.42,113,40130043,2019-10-01,40130.043
63190,11:08:50.043000,BUY,10.42,3,40130043,2019-10-01,40130.043
63613,11:10:27.586000,SELL,10.42,300,40227586,2019-10-01,40227.586
63617,11:10:27.586000,SELL,10.42,100,40227586,2019-10-01,40227.586
63619,11:10:27.586000,SELL,10.42,100,40227586,2019-10-01,40227.586
63621,11:10:27.586000,SELL,10.42,100,40227586,2019-10-01,40227.586
63623,11:10:27.586000,SELL,10.42,100,40227586,2019-10-01,40227.586
64026,11:12:14.416000,SELL,10.42,800,40334416,2019-10-01,40334.416
64044,11:12:14.416000,SELL,10.42,1200,40334416,2019-10-01,40334.416
64046,11:12:14.416000,SELL,10.42,100,40334416,2019-10-01,40334.416
64048,11:12:14.416000,SELL,10.42,100,40334416,2019-10-01,40334.416
64050,11:12:14.416000,SELL,10.42,700,40334416,2019-10-01,40334.416
64656,11:14:40.115000,SELL,10.41,1000,40480115,2019-10-01,40480.115
64670,11:14:40.115000,SELL,10.41,200,40480115,2019-10-01,40480.115
64672,11:14:40.115000,SELL,10.41,200,40480115,2019-10-01,40480.115
64674,11:14:40.115000,SELL,10.41,100,40480115,2019-10-01,40480.115
64676,11:14:40.115000,SELL,10.41,100,40480115,2019-10-01,40480.115
64678,11:14:40.115000,SELL,10.41,100,40480115,2019-10-01,40480.115
64717,11:14:40.115000,SELL,10.41,14,40480115,2019-10-01,40480.115
64730,11:14:40.115000,SELL,10.41,290,40480115,2019-10-01,40480.115
64736,11:14:40.115000,SELL,10.41,35,40480115,2019-10-01,40480.115
64742,11:14:40.116000,SELL,10.41,2,40480116,2019-10-01,40480.116
64752,11:14:40.116000,SELL,10.41,359,40480116,2019-10-01,40480.116
64754,11:14:40.116000,SELL,10.41,100,40480116,2019-10-01,40480.116
64890,11:14:54.264000,BUY,10.41,416,40494264,2019-10-01,40494.264
64894,11:14:54.264000,BUY,10.41,191,40494264,2019-10-01,40494.264
64896,11:14:54.264000,BUY,10.41,100,40494264,2019-10-01,40494.264
64898,11:14:54.264000,BUY,10.42,400,40494264,2019-10-01,40494.264
64925,11:14:54.264000,BUY,10.41,100,40494264,2019-10-01,40494.264
64927,11:14:54.264000,BUY,10.41,400,40494264,2019-10-01,40494.264
65109,11:15:21.756000,SELL,10.41,2100,40521756,2019-10-01,40521.756
65113,11:15:21.756000,SELL,10.41,300,40521756,2019-10-01,40521.756
65115,11:15:21.756000,SELL,10.41,100,40521756,2019-10-01,40521.756
65690,11:17:02.612000,BUY,10.41,200,40622612,2019-10-01,40622.612
65703,11:17:02.612000,BUY,10.41,200,40622612,2019-10-01,40622.612
65705,11:17:02.612000,BUY,10.41,5,40622612,2019-10-01,40622.612
65707,11:17:02.612000,BUY,10.41,500,40622612,2019-10-01,40622.612
65709,11:17:02.612000,BUY,10.41,2,40622612,2019-10-01,40622.612
66210,11:18:14.364000,SELL,10.41,200,40694364,2019-10-01,40694.364
66214,11:18:14.364000,SELL,10.41,200,40694364,2019-10-01,40694.364
66216,11:18:14.364000,SELL,10.41,800,40694364,2019-10-01,40694.364
66218,11:18:14.364000,SELL,10.41,700,40694364,2019-10-01,40694.364
66277,11:18:14.385000,SELL,10.41,200,40694385,2019-10-01,40694.385
66281,11:18:14.385000,SELL,10.41,100,40694385,2019-10-01,40694.385
66283,11:18:14.385000,SELL,10.41,100,40694385,2019-10-01,40694.385
66285,11:18:14.385000,SELL,10.41,100,40694385,2019-10-01,40694.385
66287,11:18:14.385000,SELL,10.41,100,40694385,2019-10-01,40694.385
66435,11:18:16.670000,BUY,10.41,200,40696670,2019-10-01,40696.67
66439,11:18:16.670000,BUY,10.41,100,40696670,2019-10-01,40696.67
66441,11:18:16.670000,BUY,10.41,8,40696670,2019-10-01,40696.67
66443,11:18:16.670000,BUY,10.41,5,40696670,2019-10-01,40696.67
66445,11:18:16.670000,BUY,10.41,55,40696670,2019-10-01,40696.67
66518,11:18:16.670000,BUY,10.42,400,40696670,2019-10-01,40696.67
66526,11:18:16.670000,BUY,10.42,100,40696670,2019-10-01,40696.67
66677,11:18:36.954000,SELL,10.41,300,40716954,2019-10-01,40716.954
67119,11:19:46.986000,BUY,10.41,107,40786986,2019-10-01,40786.986
67137,11:19:46.986000,BUY,10.41,7,40786986,2019-10-01,40786.986
67139,11:19:46.986000,BUY,10.41,100,40786986,2019-10-01,40786.986
67141,11:19:46.986000,BUY,10.41,93,40786986,2019-10-01,40786.986
67151,11:19:46.986000,BUY,10.41,7,40786986,2019-10-01,40786.986
67375,11:20:03.410000,SELL,10.41,400,40803410,2019-10-01,40803.41
67379,11:20:03.410000,SELL,10.41,900,40803410,2019-10-01,40803.41
67415,11:20:03.411000,SELL,10.41,200,40803411,2019-10-01,40803.411
67617,11:20:17.444000,BUY,10.41,300,40817444,2019-10-01,40817.444
67923,11:22:52.965000,BUY,10.41,300,40972965,2019-10-01,40972.965
67927,11:22:52.965000,BUY,10.41,27,40972965,2019-10-01,40972.965
67929,11:22:52.965000,BUY,10.41,100,40972965,2019-10-01,40972.965
67931,11:22:52.965000,BUY,10.41,400,40972965,2019-10-01,40972.965
67933,11:22:52.965000,BUY,10.41,300,40972965,2019-10-01,40972.965
68319,11:23:59.506000,BUY,10.42,410,41039506,2019-10-01,41039.506
68326,11:23:59.506000,BUY,10.42,90,41039506,2019-10-01,41039.506
68328,11:23:59.506000,BUY,10.42,200,41039506,2019-10-01,41039.506
68330,11:23:59.506000,BUY,10.42,5,41039506,2019-10-01,41039.506
68513,11:24:00.814000,SELL,10.42,1600,41040814,2019-10-01,41040.814
68517,11:24:00.814000,SELL,10.42,100,41040814,2019-10-01,41040.814
68519,11:24:00.814000,SELL,10.42,100,41040814,2019-10-01,41040.814
68521,11:24:00.814000,SELL,10.42,100,41040814,2019-10-01,41040.814
68523,11:24:00.814000,SELL,10.42,100,41040814,2019-10-01,41040.814
68525,11:24:00.814000,SELL,10.42,100,41040814,2019-10-01,41040.814
68527,11:24:00.814000,SELL,10.42,100,41040814,2019-10-01,41040.814
68529,11:24:00.814000,SELL,10.42,800,41040814,2019-10-01,41040.814
68565,11:24:00.815000,SELL,10.42,225,41040815,2019-10-01,41040.815
68608,11:24:01.247000,BUY,10.43,1300,41041247,2019-10-01,41041.247
68946,11:24:40.926000,BUY,10.43,100,41080926,2019-10-01,41080.926
68948,11:24:40.926000,BUY,10.43,400,41080926,2019-10-01,41080.926
68950,11:24:40.926000,BUY,10.43,600,41080926,2019-10-01,41080.926
68952,11:24:40.926000,BUY,10.43,100,41080926,2019-10-01,41080.926
68954,11:24:40.926000,BUY,10.43,7,41080926,2019-10-01,41080.926
69160,11:24:56.966000,SELL,10.43,300,41096966,2019-10-01,41096.966
69164,11:24:56.966000,SELL,10.43,900,41096966,2019-10-01,41096.966
69166,11:24:56.966000,SELL,10.43,100,41096966,2019-10-01,41096.966
69201,11:24:56.967000,SELL,10.43,300,41096967,2019-10-01,41096.967
69902,11:27:43.406000,BUY,10.43,108,41263406,2019-10-01,41263.406
69943,11:27:43.406000,BUY,10.43,100,41263406,2019-10-01,41263.406
69945,11:27:43.406000,BUY,10.43,31,41263406,2019-10-01,41263.406
69952,11:27:43.406000,BUY,10.43,169,41263406,2019-10-01,41263.406
70074,11:27:43.509000,SELL,10.43,400,41263509,2019-10-01,41263.509
70078,11:27:43.509000,SELL,10.43,100,41263509,2019-10-01,41263.509
70080,11:27:43.509000,SELL,10.43,100,41263509,2019-10-01,41263.509
70082,11:27:43.509000,SELL,10.43,100,41263509,2019-10-01,41263.509
70084,11:27:43.509000,SELL,10.43,700,41263509,2019-10-01,41263.509
70086,11:27:43.509000,SELL,10.43,200,41263509,2019-10-01,41263.509
70088,11:27:43.509000,SELL,10.43,100,41263509,2019-10-01,41263.509
70090,11:27:43.509000,SELL,10.43,200,41263509,2019-10-01,41263.509
70092,11:27:43.509000,SELL,10.43,100,41263509,2019-10-01,41263.509
70094,11:27:43.509000,SELL,10.43,200,41263509,2019-10-01,41263.509
70096,11:27:43.509000,SELL,10.43,2500,41263509,2019-10-01,41263.509
70098,11:27:43.509000,SELL,10.43,900,41263509,2019-10-01,41263.509
70100,11:27:43.509000,SELL,10.43,100,41263509,2019-10-01,41263.509
70102,11:27:43.509000,SELL,10.43,800,41263509,2019-10-01,41263.509
70324,11:27:48.283000,BUY,10.43,508,41268283,2019-10-01,41268.283
70328,11:27:48.283000,BUY,10.43,900,41268283,2019-10-01,41268.283
70330,11:27:48.283000,BUY,10.43,200,41268283,2019-10-01,41268.283
70332,11:27:48.283000,BUY,10.43,18,41268283,2019-10-01,41268.283
70334,11:27:48.283000,BUY,10.43,400,41268283,2019-10-01,41268.283
70336,11:27:48.283000,BUY,10.43,370,41268283,2019-10-01,41268.283
70391,11:27:48.285000,BUY,10.43,101,41268285,2019-10-01,41268.285
70407,11:27:48.285000,BUY,10.43,1,41268285,2019-10-01,41268.285
70417,11:27:48.285000,BUY,10.43,298,41268285,2019-10-01,41268.285
70419,11:27:48.285000,BUY,10.43,100,41268285,2019-10-01,41268.285
70421,11:27:48.285000,BUY,10.43,2,41268285,2019-10-01,41268.285
70427,11:27:48.288000,BUY,10.43,482,41268288,2019-10-01,41268.288
70865,11:28:41.159000,BUY,10.44,100,41321159,2019-10-01,41321.159
70867,11:28:41.159000,BUY,10.44,500,41321159,2019-10-01,41321.159
70869,11:28:41.159000,BUY,10.44,100,41321159,2019-10-01,41321.159
70871,11:28:41.159000,BUY,10.44,5,41321159,2019-10-01,41321.159
70873,11:28:41.159000,BUY,10.44,100,41321159,2019-10-01,41321.159
70875,11:28:41.159000,BUY,10.44,400,41321159,2019-10-01,41321.159
70924,11:28:41.160000,BUY,10.44,108,41321160,2019-10-01,41321.16
71362,11:29:12.162000,BUY,10.45,2,41352162,2019-10-01,41352.162
71624,11:30:16.335000,BUY,10.45,100,41416335,2019-10-01,41416.335
71887,11:31:07.362000,BUY,10.45,290,41467362,2019-10-01,41467.362
71891,11:31:07.362000,BUY,10.45,10,41467362,2019-10-01,41467.362
71928,11:31:10.050000,BUY,10.45,101,41470050,2019-10-01,41470.05
71950,11:31:10.676000,BUY,10.45,100,41470676,2019-10-01,41470.676
72378,11:32:04.070000,SELL,10.45,200,41524070,2019-10-01,41524.07
72023,11:31:12.794000,BUY,10.45,5,41472794,2019-10-01,41472.794
72382,11:32:04.070000,SELL,10.45,100,41524070,2019-10-01,41524.07
72384,11:32:04.070000,SELL,10.45,100,41524070,2019-10-01,41524.07
72386,11:32:04.070000,SELL,10.45,100,41524070,2019-10-01,41524.07
72388,11:32:04.070000,SELL,10.45,200,41524070,2019-10-01,41524.07
72390,11:32:04.070000,SELL,10.45,900,41524070,2019-10-01,41524.07
72392,11:32:04.070000,SELL,10.45,500,41524070,2019-10-01,41524.07
72394,11:32:04.070000,SELL,10.45,700,41524070,2019-10-01,41524.07
72396,11:32:04.070000,SELL,10.45,100,41524070,2019-10-01,41524.07
72907,11:33:42.277000,SELL,10.44,200,41622277,2019-10-01,41622.277
72911,11:33:42.277000,SELL,10.44,100,41622277,2019-10-01,41622.277
72913,11:33:42.277000,SELL,10.44,100,41622277,2019-10-01,41622.277
72915,11:33:42.277000,SELL,10.44,100,41622277,2019-10-01,41622.277
72938,11:33:42.279000,SELL,10.44,300,41622279,2019-10-01,41622.279
72970,11:33:43.013000,SELL,10.44,100,41623013,2019-10-01,41623.013
72972,11:33:43.013000,SELL,10.44,100,41623013,2019-10-01,41623.013
72974,11:33:43.013000,SELL,10.44,300,41623013,2019-10-01,41623.013
73723,11:37:20.053000,BUY,10.44,200,41840053,2019-10-01,41840.053
73735,11:37:20.053000,BUY,10.44,6,41840053,2019-10-01,41840.053
73737,11:37:20.053000,BUY,10.44,100,41840053,2019-10-01,41840.053
73739,11:37:20.053000,BUY,10.44,100,41840053,2019-10-01,41840.053
73741,11:37:20.053000,BUY,10.44,100,41840053,2019-10-01,41840.053
73743,11:37:20.053000,BUY,10.44,100,41840053,2019-10-01,41840.053
73745,11:37:20.053000,BUY,10.44,401,41840053,2019-10-01,41840.053
73753,11:37:20.053000,BUY,10.44,19,41840053,2019-10-01,41840.053
73755,11:37:20.053000,BUY,10.44,100,41840053,2019-10-01,41840.053
74050,11:37:55.866000,SELL,10.44,200,41875866,2019-10-01,41875.866
74054,11:37:55.866000,SELL,10.44,100,41875866,2019-10-01,41875.866
74056,11:37:55.866000,SELL,10.44,100,41875866,2019-10-01,41875.866
74058,11:37:55.866000,SELL,10.44,100,41875866,2019-10-01,41875.866
74060,11:37:55.866000,SELL,10.44,100,41875866,2019-10-01,41875.866
74062,11:37:55.866000,SELL,10.44,100,41875866,2019-10-01,41875.866
74064,11:37:55.866000,SELL,10.44,100,41875866,2019-10-01,41875.866
74066,11:37:55.866000,SELL,10.44,100,41875866,2019-10-01,41875.866
74119,11:37:55.866000,SELL,10.44,100,41875866,2019-10-01,41875.866
74121,11:37:55.866000,SELL,10.44,31,41875866,2019-10-01,41875.866
74140,11:37:55.939000,SELL,10.44,269,41875939,2019-10-01,41875.939
74469,11:39:10.017000,SELL,10.43,500,41950017,2019-10-01,41950.017
74473,11:39:10.017000,SELL,10.43,100,41950017,2019-10-01,41950.017
74530,11:39:10.018000,SELL,10.43,100,41950018,2019-10-01,41950.018
74546,11:39:10.018000,SELL,10.43,36,41950018,2019-10-01,41950.018
74552,11:39:10.018000,SELL,10.43,36,41950018,2019-10-01,41950.018
74558,11:39:10.019000,SELL,10.43,100,41950019,2019-10-01,41950.019
74565,11:39:10.019000,SELL,10.43,28,41950019,2019-10-01,41950.019
74980,11:40:31.442000,SELL,10.42,200,42031442,2019-10-01,42031.442
74984,11:40:31.442000,SELL,10.42,100,42031442,2019-10-01,42031.442
74986,11:40:31.442000,SELL,10.42,100,42031442,2019-10-01,42031.442
74988,11:40:31.442000,SELL,10.42,100,42031442,2019-10-01,42031.442
74990,11:40:31.442000,SELL,10.42,100,42031442,2019-10-01,42031.442
74992,11:40:31.442000,SELL,10.42,100,42031442,2019-10-01,42031.442
74994,11:40:31.442000,SELL,10.42,100,42031442,2019-10-01,42031.442
75024,11:40:31.442000,SELL,10.42,75,42031442,2019-10-01,42031.442
75164,11:40:52.947000,SELL,10.42,200,42052947,2019-10-01,42052.947
75111,11:40:32.872000,BUY,10.43,100,42032872,2019-10-01,42032.872
75168,11:40:52.947000,SELL,10.42,100,42052947,2019-10-01,42052.947
75170,11:40:52.947000,SELL,10.42,100,42052947,2019-10-01,42052.947
75172,11:40:52.947000,SELL,10.42,200,42052947,2019-10-01,42052.947
75174,11:40:52.947000,SELL,10.42,100,42052947,2019-10-01,42052.947
75176,11:40:52.947000,SELL,10.42,100,42052947,2019-10-01,42052.947
75178,11:40:52.947000,SELL,10.42,400,42052947,2019-10-01,42052.947
75180,11:40:52.947000,SELL,10.42,400,42052947,2019-10-01,42052.947
75435,11:41:57.882000,SELL,10.42,200,42117882,2019-10-01,42117.882
75439,11:41:57.882000,SELL,10.42,400,42117882,2019-10-01,42117.882
75441,11:41:57.882000,SELL,10.42,100,42117882,2019-10-01,42117.882
75443,11:41:57.882000,SELL,10.42,200,42117882,2019-10-01,42117.882
75445,11:41:57.882000,SELL,10.42,100,42117882,2019-10-01,42117.882
75447,11:41:57.882000,SELL,10.42,200,42117882,2019-10-01,42117.882
75449,11:41:57.882000,SELL,10.42,100,42117882,2019-10-01,42117.882
75451,11:41:57.882000,SELL,10.42,100,42117882,2019-10-01,42117.882
75453,11:41:57.882000,SELL,10.42,100,42117882,2019-10-01,42117.882
75455,11:41:57.882000,SELL,10.42,100,42117882,2019-10-01,42117.882
75505,11:41:57.883000,SELL,10.42,200,42117883,2019-10-01,42117.883
75509,11:41:57.883000,SELL,10.42,100,42117883,2019-10-01,42117.883
75511,11:41:57.883000,SELL,10.42,36,42117883,2019-10-01,42117.883
75883,11:43:11.182000,SELL,10.41,200,42191182,2019-10-01,42191.182
75593,11:41:58.184000,BUY,10.42,100,42118184,2019-10-01,42118.184
75887,11:43:11.182000,SELL,10.41,100,42191182,2019-10-01,42191.182
75889,11:43:11.182000,SELL,10.41,100,42191182,2019-10-01,42191.182
75891,11:43:11.182000,SELL,10.41,100,42191182,2019-10-01,42191.182
75893,11:43:11.182000,SELL,10.41,100,42191182,2019-10-01,42191.182
75895,11:43:11.182000,SELL,10.41,100,42191182,2019-10-01,42191.182
75897,11:43:11.182000,SELL,10.41,200,42191182,2019-10-01,42191.182
75899,11:43:11.182000,SELL,10.41,100,42191182,2019-10-01,42191.182
75901,11:43:11.182000,SELL,10.41,100,42191182,2019-10-01,42191.182
75903,11:43:11.182000,SELL,10.41,200,42191182,2019-10-01,42191.182
75905,11:43:11.182000,SELL,10.41,100,42191182,2019-10-01,42191.182
75907,11:43:11.182000,SELL,10.41,100,42191182,2019-10-01,42191.182
75909,11:43:11.182000,SELL,10.41,100,42191182,2019-10-01,42191.182
75911,11:43:11.182000,SELL,10.41,100,42191182,2019-10-01,42191.182
75960,11:43:11.183000,SELL,10.41,200,42191183,2019-10-01,42191.183
75964,11:43:11.183000,SELL,10.41,100,42191183,2019-10-01,42191.183
76020,11:43:11.183000,BUY,10.41,300,42191183,2019-10-01,42191.183
76023,11:43:11.183000,BUY,10.41,200,42191183,2019-10-01,42191.183
76025,11:43:11.183000,BUY,10.41,100,42191183,2019-10-01,42191.183
76027,11:43:11.183000,BUY,10.41,100,42191183,2019-10-01,42191.183
76029,11:43:11.183000,BUY,10.41,100,42191183,2019-10-01,42191.183
76031,11:43:11.183000,BUY,10.41,400,42191183,2019-10-01,42191.183
76033,11:43:11.183000,BUY,10.41,100,42191183,2019-10-01,42191.183
76035,11:43:11.183000,BUY,10.41,100,42191183,2019-10-01,42191.183
76037,11:43:11.183000,BUY,10.41,100,42191183,2019-10-01,42191.183
76039,11:43:11.183000,BUY,10.41,500,42191183,2019-10-01,42191.183
76041,11:43:11.183000,BUY,10.41,450,42191183,2019-10-01,42191.183
76048,11:43:11.183000,BUY,10.41,1050,42191183,2019-10-01,42191.183
76050,11:43:11.183000,BUY,10.41,600,42191183,2019-10-01,42191.183
76052,11:43:11.183000,BUY,10.41,100,42191183,2019-10-01,42191.183
76054,11:43:11.183000,BUY,10.41,100,42191183,2019-10-01,42191.183
76057,11:43:11.183000,BUY,10.41,100,42191183,2019-10-01,42191.183
76059,11:43:11.183000,BUY,10.41,900,42191183,2019-10-01,42191.183
76061,11:43:11.183000,BUY,10.41,150,42191183,2019-10-01,42191.183
76063,11:43:11.183000,BUY,10.41,468,42191183,2019-10-01,42191.183
76149,11:43:11.184000,SELL,10.41,100,42191184,2019-10-01,42191.184
76161,11:43:11.184000,SELL,10.41,100,42191184,2019-10-01,42191.184
76163,11:43:11.184000,SELL,10.41,100,42191184,2019-10-01,42191.184
76165,11:43:11.184000,SELL,10.41,20,42191184,2019-10-01,42191.184
76172,11:43:11.184000,SELL,10.41,180,42191184,2019-10-01,42191.184
76174,11:43:11.184000,SELL,10.41,100,42191184,2019-10-01,42191.184
76176,11:43:11.184000,SELL,10.41,1000,42191184,2019-10-01,42191.184
76178,11:43:11.184000,SELL,10.41,20,42191184,2019-10-01,42191.184
76193,11:43:11.185000,SELL,10.41,42,42191185,2019-10-01,42191.185
76214,11:43:11.188000,BUY,10.42,159,42191188,2019-10-01,42191.188
77463,11:47:47.279000,BUY,10.42,594,42467279,2019-10-01,42467.279
77467,11:47:47.279000,BUY,10.42,300,42467279,2019-10-01,42467.279
77469,11:47:47.279000,BUY,10.42,8,42467279,2019-10-01,42467.279
77471,11:47:47.279000,BUY,10.42,100,42467279,2019-10-01,42467.279
77473,11:47:47.279000,BUY,10.42,200,42467279,2019-10-01,42467.279
77475,11:47:47.279000,BUY,10.42,1,42467279,2019-10-01,42467.279
77477,11:47:47.279000,BUY,10.42,100,42467279,2019-10-01,42467.279
77479,11:47:47.279000,BUY,10.42,400,42467279,2019-10-01,42467.279
77481,11:47:47.279000,BUY,10.42,600,42467279,2019-10-01,42467.279
77483,11:47:47.279000,BUY,10.42,97,42467279,2019-10-01,42467.279
77530,11:47:47.280000,BUY,10.42,103,42467280,2019-10-01,42467.28
77539,11:47:47.280000,BUY,10.42,100,42467280,2019-10-01,42467.28
77598,11:47:47.298000,SELL,10.42,1200,42467298,2019-10-01,42467.298
77602,11:47:47.298000,SELL,10.42,100,42467298,2019-10-01,42467.298
77604,11:47:47.298000,SELL,10.42,100,42467298,2019-10-01,42467.298
77606,11:47:47.298000,SELL,10.42,100,42467298,2019-10-01,42467.298
77608,11:47:47.298000,SELL,10.42,100,42467298,2019-10-01,42467.298
77610,11:47:47.298000,SELL,10.42,100,42467298,2019-10-01,42467.298
77612,11:47:47.298000,SELL,10.42,200,42467298,2019-10-01,42467.298
77614,11:47:47.298000,SELL,10.42,400,42467298,2019-10-01,42467.298
77616,11:47:47.298000,SELL,10.42,100,42467298,2019-10-01,42467.298
77618,11:47:47.298000,SELL,10.42,800,42467298,2019-10-01,42467.298
77620,11:47:47.298000,SELL,10.42,100,42467298,2019-10-01,42467.298
77622,11:47:47.298000,SELL,10.42,400,42467298,2019-10-01,42467.298
77624,11:47:47.298000,SELL,10.42,180,42467298,2019-10-01,42467.298
77626,11:47:47.298000,SELL,10.42,150,42467298,2019-10-01,42467.298
77628,11:47:47.298000,SELL,10.42,400,42467298,2019-10-01,42467.298
77630,11:47:47.298000,SELL,10.42,270,42467298,2019-10-01,42467.298
77633,11:47:47.298000,SELL,10.42,689,42467298,2019-10-01,42467.298
77635,11:47:47.298000,SELL,10.42,300,42467298,2019-10-01,42467.298
77780,11:47:48.550000,BUY,10.42,200,42468550,2019-10-01,42468.55
77784,11:47:48.550000,BUY,10.42,1200,42468550,2019-10-01,42468.55
77786,11:47:48.550000,BUY,10.42,9,42468550,2019-10-01,42468.55
77788,11:47:48.550000,BUY,10.42,900,42468550,2019-10-01,42468.55
77790,11:47:48.550000,BUY,10.42,491,42468550,2019-10-01,42468.55
77799,11:47:48.550000,BUY,10.42,9,42468550,2019-10-01,42468.55
77844,11:47:48.550000,BUY,10.42,100,42468550,2019-10-01,42468.55
77849,11:47:48.550000,BUY,10.42,31,42468550,2019-10-01,42468.55
77853,11:47:48.550000,BUY,10.42,69,42468550,2019-10-01,42468.55
78115,11:48:07.420000,SELL,10.42,200,42487420,2019-10-01,42487.42
78119,11:48:07.420000,SELL,10.42,900,42487420,2019-10-01,42487.42
78121,11:48:07.420000,SELL,10.42,100,42487420,2019-10-01,42487.42
78123,11:48:07.420000,SELL,10.42,1718,42487420,2019-10-01,42487.42
78132,11:48:07.420000,SELL,10.42,882,42487420,2019-10-01,42487.42
78134,11:48:07.420000,SELL,10.42,140,42487420,2019-10-01,42487.42
78141,11:48:07.420000,SELL,10.42,260,42487420,2019-10-01,42487.42
78366,11:48:13.238000,SELL,10.41,500,42493238,2019-10-01,42493.238
78376,11:48:13.238000,SELL,10.41,100,42493238,2019-10-01,42493.238
78748,11:49:09.267000,SELL,10.41,300,42549267,2019-10-01,42549.267
78429,11:48:14.238000,BUY,10.42,600,42494238,2019-10-01,42494.238
78752,11:49:09.267000,SELL,10.41,100,42549267,2019-10-01,42549.267
78754,11:49:09.267000,SELL,10.41,100,42549267,2019-10-01,42549.267
78756,11:49:09.267000,SELL,10.41,600,42549267,2019-10-01,42549.267
78758,11:49:09.267000,SELL,10.41,100,42549267,2019-10-01,42549.267
79041,11:49:37.293000,BUY,10.41,200,42577293,2019-10-01,42577.293
79045,11:49:37.293000,BUY,10.41,900,42577293,2019-10-01,42577.293
79047,11:49:37.293000,BUY,10.41,3,42577293,2019-10-01,42577.293
79049,11:49:37.293000,BUY,10.41,400,42577293,2019-10-01,42577.293
79051,11:49:37.293000,BUY,10.41,312,42577293,2019-10-01,42577.293
79053,11:49:37.293000,BUY,10.41,2,42577293,2019-10-01,42577.293
79055,11:49:37.293000,BUY,10.41,100,42577293,2019-10-01,42577.293
79057,11:49:37.293000,BUY,10.41,400,42577293,2019-10-01,42577.293
79059,11:49:37.293000,BUY,10.41,283,42577293,2019-10-01,42577.293
79068,11:49:37.293000,BUY,10.41,17,42577293,2019-10-01,42577.293
79167,11:49:37.766000,SELL,10.4,1000,42577766,2019-10-01,42577.766
79128,11:49:37.294000,BUY,10.41,117,42577294,2019-10-01,42577.294
79450,11:50:20.734000,BUY,10.41,50,42620734,2019-10-01,42620.734
79452,11:50:20.734000,BUY,10.41,33,42620734,2019-10-01,42620.734
79454,11:50:20.734000,BUY,10.41,100,42620734,2019-10-01,42620.734
79456,11:50:20.734000,BUY,10.41,100,42620734,2019-10-01,42620.734
79458,11:50:20.734000,BUY,10.41,500,42620734,2019-10-01,42620.734
79460,11:50:20.734000,BUY,10.41,7,42620734,2019-10-01,42620.734
79462,11:50:20.734000,BUY,10.41,2,42620734,2019-10-01,42620.734
79744,11:50:30.484000,BUY,10.42,200,42630484,2019-10-01,42630.484
79748,11:50:30.484000,BUY,10.42,100,42630484,2019-10-01,42630.484
79750,11:50:30.484000,BUY,10.42,100,42630484,2019-10-01,42630.484
79752,11:50:30.484000,BUY,10.42,100,42630484,2019-10-01,42630.484
79754,11:50:30.484000,BUY,10.42,100,42630484,2019-10-01,42630.484
79756,11:50:30.484000,BUY,10.42,6,42630484,2019-10-01,42630.484
79758,11:50:30.484000,BUY,10.42,100,42630484,2019-10-01,42630.484
79760,11:50:30.484000,BUY,10.42,100,42630484,2019-10-01,42630.484
79762,11:50:30.484000,BUY,10.42,100,42630484,2019-10-01,42630.484
79764,11:50:30.484000,BUY,10.42,100,42630484,2019-10-01,42630.484
79813,11:50:30.485000,BUY,10.42,200,42630485,2019-10-01,42630.485
80162,11:50:43.969000,BUY,10.43,200,42643969,2019-10-01,42643.969
80281,11:50:49.609000,BUY,10.43,200,42649609,2019-10-01,42649.609
80293,11:50:49.609000,BUY,10.43,100,42649609,2019-10-01,42649.609
80312,11:50:49.609000,BUY,10.43,1,42649609,2019-10-01,42649.609
80339,11:50:50.866000,BUY,10.43,100,42650866,2019-10-01,42650.866
80352,11:50:50.866000,BUY,10.43,99,42650866,2019-10-01,42650.866
80374,11:50:50.867000,BUY,10.43,100,42650867,2019-10-01,42650.867
80476,11:50:52.142000,SELL,10.43,1000,42652142,2019-10-01,42652.142
80446,11:50:51.329000,BUY,10.44,100,42651329,2019-10-01,42651.329
80665,11:51:05.928000,SELL,10.42,200,42665928,2019-10-01,42665.928
80669,11:51:05.928000,SELL,10.42,100,42665928,2019-10-01,42665.928
80671,11:51:05.928000,SELL,10.42,100,42665928,2019-10-01,42665.928
80673,11:51:05.928000,SELL,10.42,100,42665928,2019-10-01,42665.928
80675,11:51:05.928000,SELL,10.42,100,42665928,2019-10-01,42665.928
80677,11:51:05.928000,SELL,10.42,1000,42665928,2019-10-01,42665.928
80721,11:51:05.928000,SELL,10.42,400,42665928,2019-10-01,42665.928
81263,11:53:58.936000,SELL,10.41,15,42838936,2019-10-01,42838.936
81272,11:53:58.936000,SELL,10.41,2,42838936,2019-10-01,42838.936
81278,11:53:58.936000,SELL,10.41,1,42838936,2019-10-01,42838.936
81283,11:53:58.936000,SELL,10.41,1,42838936,2019-10-01,42838.936
81290,11:53:58.940000,SELL,10.41,1000,42838940,2019-10-01,42838.94
81306,11:53:58.940000,SELL,10.41,1500,42838940,2019-10-01,42838.94
81308,11:53:58.940000,SELL,10.41,200,42838940,2019-10-01,42838.94
81338,11:53:58.941000,SELL,10.41,414,42838941,2019-10-01,42838.941
81355,11:53:58.942000,SELL,10.41,100,42838942,2019-10-01,42838.942
81664,11:55:49.626000,BUY,10.41,200,42949626,2019-10-01,42949.626
81668,11:55:49.626000,BUY,10.41,100,42949626,2019-10-01,42949.626
81708,11:55:55.060000,BUY,10.41,400,42955060,2019-10-01,42955.06
81857,11:56:27.072000,BUY,10.41,300,42987072,2019-10-01,42987.072
81969,11:56:38.818000,BUY,10.41,100,42998818,2019-10-01,42998.818
82302,11:57:42.137000,SELL,10.4,1300,43062137,2019-10-01,43062.137
82093,11:57:00.063000,BUY,10.41,300,43020063,2019-10-01,43020.063
82306,11:57:42.137000,SELL,10.4,500,43062137,2019-10-01,43062.137
82308,11:57:42.137000,SELL,10.4,100,43062137,2019-10-01,43062.137
82310,11:57:42.137000,SELL,10.4,600,43062137,2019-10-01,43062.137
82312,11:57:42.137000,SELL,10.4,100,43062137,2019-10-01,43062.137
82314,11:57:42.137000,SELL,10.4,400,43062137,2019-10-01,43062.137
82316,11:57:42.137000,SELL,10.4,100,43062137,2019-10-01,43062.137
82318,11:57:42.137000,SELL,10.4,100,43062137,2019-10-01,43062.137
82320,11:57:42.137000,SELL,10.4,100,43062137,2019-10-01,43062.137
82322,11:57:42.137000,SELL,10.4,200,43062137,2019-10-01,43062.137
82324,11:57:42.137000,SELL,10.4,100,43062137,2019-10-01,43062.137
82326,11:57:42.137000,SELL,10.4,253,43062137,2019-10-01,43062.137
82495,11:58:09.042000,SELL,10.4,125,43089042,2019-10-01,43089.042
82516,11:58:09.042000,SELL,10.4,122,43089042,2019-10-01,43089.042
82518,11:58:09.042000,SELL,10.4,100,43089042,2019-10-01,43089.042
82520,11:58:09.042000,SELL,10.4,78,43089042,2019-10-01,43089.042
82530,11:58:09.042000,SELL,10.4,22,43089042,2019-10-01,43089.042
82532,11:58:09.042000,SELL,10.4,78,43089042,2019-10-01,43089.042
82575,11:58:19.727000,SELL,10.4,522,43099727,2019-10-01,43099.727
82579,11:58:19.727000,SELL,10.4,100,43099727,2019-10-01,43099.727
82581,11:58:19.727000,SELL,10.4,100,43099727,2019-10-01,43099.727
82583,11:58:19.727000,SELL,10.4,100,43099727,2019-10-01,43099.727
82585,11:58:19.727000,SELL,10.4,100,43099727,2019-10-01,43099.727
82587,11:58:19.727000,SELL,10.4,478,43099727,2019-10-01,43099.727
82589,11:58:19.727000,SELL,10.4,22,43099727,2019-10-01,43099.727
83052,12:00:27.038000,SELL,10.39,200,43227038,2019-10-01,43227.038
83056,12:00:27.038000,SELL,10.39,100,43227038,2019-10-01,43227.038
83058,12:00:27.038000,SELL,10.39,100,43227038,2019-10-01,43227.038
83060,12:00:27.038000,SELL,10.39,100,43227038,2019-10-01,43227.038
83062,12:00:27.038000,SELL,10.39,1000,43227038,2019-10-01,43227.038
83064,12:00:27.038000,SELL,10.39,100,43227038,2019-10-01,43227.038
83066,12:00:27.038000,SELL,10.39,100,43227038,2019-10-01,43227.038
83068,12:00:27.038000,SELL,10.39,100,43227038,2019-10-01,43227.038
83070,12:00:27.038000,SELL,10.39,100,43227038,2019-10-01,43227.038
83098,12:00:27.041000,SELL,10.39,500,43227041,2019-10-01,43227.041
83102,12:00:27.041000,SELL,10.39,100,43227041,2019-10-01,43227.041
83141,12:00:27.042000,SELL,10.39,421,43227042,2019-10-01,43227.042
83160,12:00:27.042000,SELL,10.39,33,43227042,2019-10-01,43227.042
83165,12:00:27.043000,SELL,10.39,146,43227043,2019-10-01,43227.043
83169,12:00:27.043000,SELL,10.39,100,43227043,2019-10-01,43227.043
83171,12:00:27.043000,SELL,10.39,100,43227043,2019-10-01,43227.043
83434,12:01:24.414000,SELL,10.38,1053,43284414,2019-10-01,43284.414
83442,12:01:24.414000,SELL,10.38,447,43284414,2019-10-01,43284.414
83615,12:01:25.136000,BUY,10.38,200,43285136,2019-10-01,43285.136
83711,12:01:30.064000,BUY,10.38,78,43290064,2019-10-01,43290.064
83715,12:01:30.064000,BUY,10.38,100,43290064,2019-10-01,43290.064
83717,12:01:30.064000,BUY,10.38,2,43290064,2019-10-01,43290.064
83719,12:01:30.064000,BUY,10.38,20,43290064,2019-10-01,43290.064
83820,12:01:52.680000,BUY,10.38,663,43312680,2019-10-01,43312.68
84609,12:04:46.509000,SELL,10.37,200,43486509,2019-10-01,43486.509
84613,12:04:46.509000,SELL,10.37,100,43486509,2019-10-01,43486.509
84615,12:04:46.509000,SELL,10.37,1000,43486509,2019-10-01,43486.509
84617,12:04:46.509000,SELL,10.37,400,43486509,2019-10-01,43486.509
84619,12:04:46.509000,SELL,10.37,95,43486509,2019-10-01,43486.509
84621,12:04:46.509000,SELL,10.37,100,43486509,2019-10-01,43486.509
84623,12:04:46.509000,SELL,10.37,400,43486509,2019-10-01,43486.509
84625,12:04:46.509000,SELL,10.37,5,43486509,2019-10-01,43486.509
84631,12:04:46.509000,SELL,10.37,95,43486509,2019-10-01,43486.509
84633,12:04:46.509000,SELL,10.37,5,43486509,2019-10-01,43486.509
84783,12:05:06.033000,SELL,10.37,53,43506033,2019-10-01,43506.033
84799,12:05:06.033000,SELL,10.37,25,43506033,2019-10-01,43506.033
84810,12:05:06.034000,SELL,10.37,17,43506034,2019-10-01,43506.034
84822,12:05:06.034000,SELL,10.37,2,43506034,2019-10-01,43506.034
84827,12:05:06.034000,SELL,10.37,3,43506034,2019-10-01,43506.034
84834,12:05:06.035000,SELL,10.37,3,43506035,2019-10-01,43506.035
84873,12:05:06.783000,SELL,10.37,492,43506783,2019-10-01,43506.783
84877,12:05:06.783000,SELL,10.37,308,43506783,2019-10-01,43506.783
84883,12:05:06.783000,SELL,10.37,92,43506783,2019-10-01,43506.783
85033,12:05:07.084000,BUY,10.37,200,43507084,2019-10-01,43507.084
85262,12:06:10.291000,SELL,10.36,200,43570291,2019-10-01,43570.291
85266,12:06:10.291000,SELL,10.36,100,43570291,2019-10-01,43570.291
85268,12:06:10.291000,SELL,10.36,100,43570291,2019-10-01,43570.291
85348,12:06:12.934000,BUY,10.37,200,43572934,2019-10-01,43572.934
85360,12:06:12.934000,BUY,10.37,100,43572934,2019-10-01,43572.934
85379,12:06:17.638000,SELL,10.36,599,43577638,2019-10-01,43577.638
85383,12:06:17.638000,SELL,10.36,701,43577638,2019-10-01,43577.638
85679,12:08:10.319000,BUY,10.36,700,43690319,2019-10-01,43690.319
85683,12:08:10.319000,BUY,10.36,5,43690319,2019-10-01,43690.319
85685,12:08:10.319000,BUY,10.36,5,43690319,2019-10-01,43690.319
85687,12:08:10.319000,BUY,10.36,20,43690319,2019-10-01,43690.319
85689,12:08:10.319000,BUY,10.36,980,43690319,2019-10-01,43690.319
85691,12:08:10.319000,BUY,10.36,100,43690319,2019-10-01,43690.319
85693,12:08:10.319000,BUY,10.36,100,43690319,2019-10-01,43690.319
85695,12:08:10.319000,BUY,10.36,600,43690319,2019-10-01,43690.319
85697,12:08:10.319000,BUY,10.36,100,43690319,2019-10-01,43690.319
85699,12:08:10.319000,BUY,10.36,100,43690319,2019-10-01,43690.319
85701,12:08:10.319000,BUY,10.36,2,43690319,2019-10-01,43690.319
85703,12:08:10.319000,BUY,10.36,100,43690319,2019-10-01,43690.319
85900,12:08:16.405000,BUY,10.37,200,43696405,2019-10-01,43696.405
85904,12:08:16.405000,BUY,10.37,92,43696405,2019-10-01,43696.405
85906,12:08:16.405000,BUY,10.37,108,43696405,2019-10-01,43696.405
85913,12:08:16.405000,BUY,10.37,100,43696405,2019-10-01,43696.405
85927,12:08:16.405000,BUY,10.37,100,43696405,2019-10-01,43696.405
85981,12:08:16.772000,BUY,10.37,461,43696772,2019-10-01,43696.772
86077,12:08:19.487000,BUY,10.37,31,43699487,2019-10-01,43699.487
86079,12:08:19.487000,BUY,10.37,69,43699487,2019-10-01,43699.487
86083,12:08:19.487000,BUY,10.37,31,43699487,2019-10-01,43699.487
86085,12:08:19.487000,BUY,10.37,410,43699487,2019-10-01,43699.487
86087,12:08:19.487000,BUY,10.37,3,43699487,2019-10-01,43699.487
86113,12:08:19.487000,BUY,10.38,3,43699487,2019-10-01,43699.487
86135,12:08:19.488000,BUY,10.38,2,43699488,2019-10-01,43699.488
86147,12:08:19.488000,BUY,10.38,3,43699488,2019-10-01,43699.488
86481,12:09:58.856000,SELL,10.37,300,43798856,2019-10-01,43798.856
86485,12:09:58.856000,SELL,10.37,100,43798856,2019-10-01,43798.856
86487,12:09:58.856000,SELL,10.37,200,43798856,2019-10-01,43798.856
86489,12:09:58.856000,SELL,10.37,100,43798856,2019-10-01,43798.856
86491,12:09:58.856000,SELL,10.37,800,43798856,2019-10-01,43798.856
86493,12:09:58.856000,SELL,10.37,600,43798856,2019-10-01,43798.856
86495,12:09:58.856000,SELL,10.37,100,43798856,2019-10-01,43798.856
86497,12:09:58.856000,SELL,10.37,100,43798856,2019-10-01,43798.856
86499,12:09:58.856000,SELL,10.37,100,43798856,2019-10-01,43798.856
86501,12:09:58.856000,SELL,10.37,100,43798856,2019-10-01,43798.856
86558,12:09:58.951000,BUY,10.38,1600,43798951,2019-10-01,43798.951
86788,12:10:24.139000,SELL,10.37,300,43824139,2019-10-01,43824.139
86648,12:10:02.245000,BUY,10.38,100,43802245,2019-10-01,43802.245
87118,12:11:10.645000,SELL,10.36,200,43870645,2019-10-01,43870.645
87120,12:11:10.645000,SELL,10.36,500,43870645,2019-10-01,43870.645
87313,12:11:12.587000,BUY,10.36,600,43872587,2019-10-01,43872.587
87317,12:11:12.587000,BUY,10.37,100,43872587,2019-10-01,43872.587
87319,12:11:12.587000,BUY,10.37,7,43872587,2019-10-01,43872.587
87826,12:13:38.793000,SELL,10.36,500,44018793,2019-10-01,44018.793
87830,12:13:38.793000,SELL,10.36,100,44018793,2019-10-01,44018.793
87832,12:13:38.793000,SELL,10.36,100,44018793,2019-10-01,44018.793
87834,12:13:38.793000,SELL,10.36,100,44018793,2019-10-01,44018.793
88009,12:13:39.094000,BUY,10.36,193,44019094,2019-10-01,44019.094
88589,12:18:07.832000,BUY,10.36,7,44287832,2019-10-01,44287.832
88591,12:18:07.832000,BUY,10.36,26,44287832,2019-10-01,44287.832
88593,12:18:07.832000,BUY,10.36,5,44287832,2019-10-01,44287.832
88595,12:18:07.832000,BUY,10.36,100,44287832,2019-10-01,44287.832
88597,12:18:07.832000,BUY,10.36,61,44287832,2019-10-01,44287.832
88689,12:18:07.833000,SELL,10.36,2600,44287833,2019-10-01,44287.833
88693,12:18:07.833000,SELL,10.36,100,44287833,2019-10-01,44287.833
88695,12:18:07.833000,SELL,10.36,100,44287833,2019-10-01,44287.833
88697,12:18:07.833000,SELL,10.36,100,44287833,2019-10-01,44287.833
88699,12:18:07.833000,SELL,10.36,100,44287833,2019-10-01,44287.833
88701,12:18:07.833000,SELL,10.36,200,44287833,2019-10-01,44287.833
88703,12:18:07.833000,SELL,10.36,100,44287833,2019-10-01,44287.833
88705,12:18:07.833000,SELL,10.36,100,44287833,2019-10-01,44287.833
88707,12:18:07.833000,SELL,10.36,300,44287833,2019-10-01,44287.833
88709,12:18:07.833000,SELL,10.36,700,44287833,2019-10-01,44287.833
88769,12:18:08.016000,SELL,10.36,1223,44288016,2019-10-01,44288.016
88988,12:18:20.073000,BUY,10.36,200,44300073,2019-10-01,44300.073
88992,12:18:20.073000,BUY,10.36,300,44300073,2019-10-01,44300.073
89012,12:18:20.073000,BUY,10.36,1,44300073,2019-10-01,44300.073
89044,12:18:20.076000,BUY,10.36,203,44300076,2019-10-01,44300.076
89352,12:18:35.655000,BUY,10.37,100,44315655,2019-10-01,44315.655
89380,12:18:35.655000,BUY,10.37,1,44315655,2019-10-01,44315.655
89414,12:18:35.733000,BUY,10.37,188,44315733,2019-10-01,44315.733
89545,12:18:42.680000,SELL,10.37,200,44322680,2019-10-01,44322.68
89549,12:18:42.680000,SELL,10.37,100,44322680,2019-10-01,44322.68
89551,12:18:42.680000,SELL,10.37,100,44322680,2019-10-01,44322.68
89553,12:18:42.680000,SELL,10.37,100,44322680,2019-10-01,44322.68
89555,12:18:42.680000,SELL,10.37,400,44322680,2019-10-01,44322.68
89557,12:18:42.680000,SELL,10.37,1000,44322680,2019-10-01,44322.68
89559,12:18:42.680000,SELL,10.37,100,44322680,2019-10-01,44322.68
89584,12:18:42.680000,SELL,10.37,100,44322680,2019-10-01,44322.68
89592,12:18:42.680000,SELL,10.37,200,44322680,2019-10-01,44322.68
89594,12:18:42.680000,SELL,10.37,382,44322680,2019-10-01,44322.68
89609,12:18:42.680000,SELL,10.37,14,44322680,2019-10-01,44322.68
89616,12:18:42.681000,SELL,10.37,93,44322681,2019-10-01,44322.681
89773,12:18:51.671000,BUY,10.37,1397,44331671,2019-10-01,44331.671
90311,12:20:10.952000,BUY,10.38,100,44410952,2019-10-01,44410.952
90315,12:20:10.952000,BUY,10.38,3,44410952,2019-10-01,44410.952
90317,12:20:10.952000,BUY,10.38,47,44410952,2019-10-01,44410.952
90319,12:20:10.952000,BUY,10.38,53,44410952,2019-10-01,44410.952
90321,12:20:10.952000,BUY,10.38,200,44410952,2019-10-01,44410.952
90323,12:20:10.952000,BUY,10.38,7,44410952,2019-10-01,44410.952
90325,12:20:10.952000,BUY,10.38,100,44410952,2019-10-01,44410.952
90327,12:20:10.952000,BUY,10.38,175,44410952,2019-10-01,44410.952
90362,12:20:10.952000,BUY,10.38,225,44410952,2019-10-01,44410.952
90631,12:20:37.866000,SELL,10.38,200,44437866,2019-10-01,44437.866
90659,12:20:37.867000,SELL,10.38,1100,44437867,2019-10-01,44437.867
90663,12:20:37.867000,SELL,10.38,100,44437867,2019-10-01,44437.867
90665,12:20:37.867000,SELL,10.38,318,44437867,2019-10-01,44437.867
90689,12:20:37.867000,SELL,10.38,1082,44437867,2019-10-01,44437.867
91330,12:23:10.885000,BUY,10.38,1007,44590885,2019-10-01,44590.885
91334,12:23:10.885000,BUY,10.38,100,44590885,2019-10-01,44590.885
91336,12:23:10.885000,BUY,10.38,200,44590885,2019-10-01,44590.885
91338,12:23:10.885000,BUY,10.38,100,44590885,2019-10-01,44590.885
91645,12:23:44.446000,SELL,10.38,300,44624446,2019-10-01,44624.446
91649,12:23:44.446000,SELL,10.38,100,44624446,2019-10-01,44624.446
91651,12:23:44.446000,SELL,10.38,100,44624446,2019-10-01,44624.446
91653,12:23:44.446000,SELL,10.38,100,44624446,2019-10-01,44624.446
91655,12:23:44.446000,SELL,10.38,100,44624446,2019-10-01,44624.446
91657,12:23:44.446000,SELL,10.38,100,44624446,2019-10-01,44624.446
91659,12:23:44.446000,SELL,10.38,300,44624446,2019-10-01,44624.446
91915,12:24:06.302000,SELL,10.37,300,44646302,2019-10-01,44646.302
92342,12:24:47.003000,SELL,10.36,100,44687003,2019-10-01,44687.003
92337,12:24:47.003000,BUY,10.37,100,44687003,2019-10-01,44687.003
92396,12:24:48.857000,BUY,10.37,400,44688857,2019-10-01,44688.857
92780,12:26:31.222000,BUY,10.37,15,44791222,2019-10-01,44791.222
92782,12:26:31.222000,BUY,10.37,369,44791222,2019-10-01,44791.222
92784,12:26:31.222000,BUY,10.37,200,44791222,2019-10-01,44791.222
92786,12:26:31.222000,BUY,10.37,600,44791222,2019-10-01,44791.222
92788,12:26:31.222000,BUY,10.37,200,44791222,2019-10-01,44791.222
93147,12:26:58.844000,SELL,10.37,1300,44818844,2019-10-01,44818.844
92894,12:26:31.223000,BUY,10.38,100,44791223,2019-10-01,44791.223
93151,12:26:58.844000,SELL,10.37,500,44818844,2019-10-01,44818.844
93153,12:26:58.844000,SELL,10.37,100,44818844,2019-10-01,44818.844
93545,12:28:11.872000,SELL,10.36,201,44891872,2019-10-01,44891.872
93601,12:28:13.708000,SELL,10.36,100,44893708,2019-10-01,44893.708
93603,12:28:13.708000,SELL,10.36,600,44893708,2019-10-01,44893.708
93605,12:28:13.708000,SELL,10.36,100,44893708,2019-10-01,44893.708
93607,12:28:13.708000,SELL,10.36,100,44893708,2019-10-01,44893.708
93609,12:28:13.708000,SELL,10.36,500,44893708,2019-10-01,44893.708
93611,12:28:13.708000,SELL,10.36,400,44893708,2019-10-01,44893.708
93994,12:28:57.016000,SELL,10.35,200,44937016,2019-10-01,44937.016
93761,12:28:14.009000,BUY,10.36,400,44894009,2019-10-01,44894.009
93998,12:28:57.016000,SELL,10.35,100,44937016,2019-10-01,44937.016
94000,12:28:57.016000,SELL,10.35,800,44937016,2019-10-01,44937.016
94008,12:28:57.016000,SELL,10.35,100,44937016,2019-10-01,44937.016
94415,12:30:25.078000,BUY,10.35,107,45025078,2019-10-01,45025.078
94419,12:30:25.078000,BUY,10.35,5,45025078,2019-10-01,45025.078
94421,12:30:25.078000,BUY,10.35,88,45025078,2019-10-01,45025.078
94431,12:30:25.078000,BUY,10.35,100,45025078,2019-10-01,45025.078
94576,12:31:00.078000,BUY,10.35,116,45060078,2019-10-01,45060.078
94580,12:31:00.078000,BUY,10.35,100,45060078,2019-10-01,45060.078
94582,12:31:00.078000,BUY,10.35,100,45060078,2019-10-01,45060.078
94584,12:31:00.078000,BUY,10.35,84,45060078,2019-10-01,45060.078
94674,12:31:03.313000,BUY,10.35,116,45063313,2019-10-01,45063.313
94678,12:31:03.313000,BUY,10.35,19,45063313,2019-10-01,45063.313
94680,12:31:03.313000,BUY,10.35,100,45063313,2019-10-01,45063.313
94682,12:31:03.313000,BUY,10.35,323,45063313,2019-10-01,45063.313
94686,12:31:03.313000,BUY,10.35,177,45063313,2019-10-01,45063.313
94688,12:31:03.313000,BUY,10.35,100,45063313,2019-10-01,45063.313
94690,12:31:03.313000,BUY,10.35,84,45063313,2019-10-01,45063.313
94747,12:31:03.313000,BUY,10.35,100,45063313,2019-10-01,45063.313
94921,12:31:10.202000,SELL,10.35,123,45070202,2019-10-01,45070.202
94851,12:31:03.403000,BUY,10.36,100,45063403,2019-10-01,45063.403
94925,12:31:10.202000,SELL,10.35,77,45070202,2019-10-01,45070.202
94927,12:31:10.202000,SELL,10.35,581,45070202,2019-10-01,45070.202
94929,12:31:10.202000,SELL,10.35,161,45070202,2019-10-01,45070.202
95394,12:33:01.636000,BUY,10.35,140,45181636,2019-10-01,45181.636
95406,12:33:01.636000,BUY,10.35,5,45181636,2019-10-01,45181.636
95651,12:33:30.874000,SELL,10.35,50,45210874,2019-10-01,45210.874
95729,12:33:45.192000,SELL,10.35,200,45225192,2019-10-01,45225.192
95744,12:33:45.192000,SELL,10.35,100,45225192,2019-10-01,45225.192
95869,12:34:03.088000,SELL,10.35,700,45243088,2019-10-01,45243.088
95879,12:34:03.088000,SELL,10.35,100,45243088,2019-10-01,45243.088
95893,12:34:03.088000,SELL,10.35,100,45243088,2019-10-01,45243.088
96043,12:34:44.939000,SELL,10.35,50,45284939,2019-10-01,45284.939
96253,12:35:57.881000,BUY,10.36,32,45357881,2019-10-01,45357.881
96393,12:36:31.884000,BUY,10.36,200,45391884,2019-10-01,45391.884
96397,12:36:31.884000,BUY,10.36,6,45391884,2019-10-01,45391.884
96399,12:36:31.884000,BUY,10.36,35,45391884,2019-10-01,45391.884
96414,12:36:31.884000,BUY,10.36,52,45391884,2019-10-01,45391.884
96426,12:36:31.885000,BUY,10.36,113,45391885,2019-10-01,45391.885
96489,12:36:32.120000,BUY,10.36,200,45392120,2019-10-01,45392.12
96584,12:36:32.120000,BUY,10.37,100,45392120,2019-10-01,45392.12
96653,12:36:33.398000,SELL,10.36,200,45393398,2019-10-01,45393.398
96657,12:36:33.398000,SELL,10.36,100,45393398,2019-10-01,45393.398
96659,12:36:33.398000,SELL,10.36,100,45393398,2019-10-01,45393.398
96661,12:36:33.398000,SELL,10.36,100,45393398,2019-10-01,45393.398
96663,12:36:33.398000,SELL,10.36,100,45393398,2019-10-01,45393.398
96665,12:36:33.398000,SELL,10.36,300,45393398,2019-10-01,45393.398
96667,12:36:33.398000,SELL,10.36,1000,45393398,2019-10-01,45393.398
97304,12:38:06.624000,SELL,10.34,200,45486624,2019-10-01,45486.624
97308,12:38:06.624000,SELL,10.34,1200,45486624,2019-10-01,45486.624
97549,12:38:22.291000,BUY,10.34,1100,45502291,2019-10-01,45502.291
97553,12:38:22.291000,BUY,10.34,17,45502291,2019-10-01,45502.291
97555,12:38:22.291000,BUY,10.34,5,45502291,2019-10-01,45502.291
97557,12:38:22.291000,BUY,10.34,430,45502291,2019-10-01,45502.291
97559,12:38:22.291000,BUY,10.34,485,45502291,2019-10-01,45502.291
97562,12:38:22.291000,BUY,10.34,15,45502291,2019-10-01,45502.291
