id,time,side,price,qty,xchTime,date,time_elapsed
80,09:30:00.637000,,10.07,10162,34200637,2019-10-03,34200.637
746,09:31:10.424000,BUY,10.0,300,34270424,2019-10-03,34270.424
770,09:31:10.587000,BUY,10.0,200,34270587,2019-10-03,34270.587
789,09:31:10.587000,BUY,10.0,100,34270587,2019-10-03,34270.587
791,09:31:10.587000,BUY,10.0,100,34270587,2019-10-03,34270.587
799,09:31:10.588000,SELL,10.0,100,34270588,2019-10-03,34270.588
822,09:31:12.110000,BUY,10.0,600,34272110,2019-10-03,34272.11
869,09:31:22.167000,BUY,10.0,200,34282167,2019-10-03,34282.167
915,09:31:28.161000,BUY,10.01,116,34288161,2019-10-03,34288.161
920,09:31:28.161000,BUY,10.01,100,34288161,2019-10-03,34288.161
943,09:31:28.409000,BUY,10.03,600,34288409,2019-10-03,34288.409
1085,09:31:48.442000,SELL,10.03,200,34308442,2019-10-03,34308.442
1008,09:31:29.538000,BUY,10.05,600,34289538,2019-10-03,34289.538
1134,09:32:00.380000,SELL,10.02,248,34320380,2019-10-03,34320.38
1155,09:32:00.390000,SELL,10.01,100,34320390,2019-10-03,34320.39
1183,09:32:01.980000,SELL,10.0,100,34321980,2019-10-03,34321.98
1216,09:32:05.543000,BUY,10.0,2300,34325543,2019-10-03,34325.543
1220,09:32:05.543000,BUY,10.0,500,34325543,2019-10-03,34325.543
1232,09:32:05.543000,BUY,10.0,78,34325543,2019-10-03,34325.543
1272,09:32:09.686000,BUY,10.01,102,34329686,2019-10-03,34329.686
1276,09:32:09.686000,BUY,10.01,200,34329686,2019-10-03,34329.686
1278,09:32:09.686000,BUY,10.01,98,34329686,2019-10-03,34329.686
1280,09:32:09.686000,BUY,10.01,2,34329686,2019-10-03,34329.686
1333,09:32:09.875000,BUY,10.03,361,34329875,2019-10-03,34329.875
1403,09:32:10.975000,BUY,10.04,400,34330975,2019-10-03,34330.975
1450,09:32:12.901000,BUY,10.04,100,34332901,2019-10-03,34332.901
1452,09:32:12.901000,BUY,10.04,100,34332901,2019-10-03,34332.901
1481,09:32:13.069000,BUY,10.04,200,34333069,2019-10-03,34333.069
1485,09:32:13.069000,BUY,10.04,100,34333069,2019-10-03,34333.069
1500,09:32:13.071000,SELL,10.04,100,34333071,2019-10-03,34333.071
1548,09:32:23.211000,BUY,10.04,100,34343211,2019-10-03,34343.211
1637,09:32:31.178000,SELL,10.05,76,34351178,2019-10-03,34351.178
1614,09:32:31.178000,BUY,10.06,100,34351178,2019-10-03,34351.178
1640,09:32:31.178000,SELL,10.05,24,34351178,2019-10-03,34351.178
1740,09:32:59.502000,BUY,10.04,176,34379502,2019-10-03,34379.502
1744,09:32:59.502000,BUY,10.04,24,34379502,2019-10-03,34379.502
1746,09:32:59.502000,BUY,10.04,100,34379502,2019-10-03,34379.502
1850,09:33:13.331000,BUY,10.06,300,34393331,2019-10-03,34393.331
1963,09:33:25.112000,BUY,10.08,278,34405112,2019-10-03,34405.112
2044,09:33:29.711000,SELL,10.09,200,34409711,2019-10-03,34409.711
2026,09:33:29.710000,BUY,10.09,100,34409710,2019-10-03,34409.71
2059,09:33:29.782000,BUY,10.09,200,34409782,2019-10-03,34409.782
2063,09:33:29.782000,BUY,10.09,100,34409782,2019-10-03,34409.782
2161,09:33:41.087000,SELL,10.1,700,34421087,2019-10-03,34421.087
2084,09:33:31.182000,BUY,10.1,5414,34411182,2019-10-03,34411.182
2165,09:33:41.087000,SELL,10.1,100,34421087,2019-10-03,34421.087
2307,09:34:22.617000,SELL,10.11,200,34462617,2019-10-03,34462.617
2312,09:34:22.618000,SELL,10.11,751,34462618,2019-10-03,34462.618
2424,09:34:32.986000,BUY,10.1,300,34472986,2019-10-03,34472.986
2493,09:34:41.955000,SELL,10.08,1132,34481955,2019-10-03,34481.955
2658,09:35:20.426000,BUY,10.09,500,34520426,2019-10-03,34520.426
2662,09:35:20.426000,BUY,10.09,100,34520426,2019-10-03,34520.426
2714,09:35:20.943000,BUY,10.1,300,34520943,2019-10-03,34520.943
2741,09:35:21.405000,BUY,10.1,100,34521405,2019-10-03,34521.405
2961,09:36:20.805000,SELL,10.08,200,34580805,2019-10-03,34580.805
2965,09:36:20.805000,SELL,10.08,100,34580805,2019-10-03,34580.805
3117,09:36:37.711000,BUY,10.08,200,34597711,2019-10-03,34597.711
3121,09:36:37.711000,BUY,10.08,400,34597711,2019-10-03,34597.711
3172,09:36:40.852000,SELL,10.07,200,34600852,2019-10-03,34600.852
3234,09:36:42.434000,BUY,10.07,600,34602434,2019-10-03,34602.434
3286,09:36:45.190000,SELL,10.07,100,34605190,2019-10-03,34605.19
3402,09:36:52.940000,BUY,10.07,900,34612940,2019-10-03,34612.94
3406,09:36:52.940000,BUY,10.07,100,34612940,2019-10-03,34612.94
3413,09:36:53.453000,BUY,10.07,200,34613453,2019-10-03,34613.453
3434,09:36:53.454000,BUY,10.07,500,34613454,2019-10-03,34613.454
3459,09:36:54.731000,BUY,10.07,500,34614731,2019-10-03,34614.731
3492,09:36:55.436000,BUY,10.07,200,34615436,2019-10-03,34615.436
3496,09:36:55.436000,BUY,10.07,100,34615436,2019-10-03,34615.436
3498,09:36:55.436000,BUY,10.07,400,34615436,2019-10-03,34615.436
3535,09:36:56.440000,SELL,10.07,500,34616440,2019-10-03,34616.44
3633,09:36:59.982000,BUY,10.06,700,34619982,2019-10-03,34619.982
3778,09:37:12.771000,SELL,10.06,200,34632771,2019-10-03,34632.771
3782,09:37:12.771000,SELL,10.06,100,34632771,2019-10-03,34632.771
3784,09:37:12.771000,SELL,10.06,400,34632771,2019-10-03,34632.771
3787,09:37:12.771000,SELL,10.06,370,34632771,2019-10-03,34632.771
3923,09:37:34.168000,BUY,10.06,200,34654168,2019-10-03,34654.168
3970,09:37:34.420000,SELL,10.06,200,34654420,2019-10-03,34654.42
4027,09:37:38.354000,SELL,10.06,300,34658354,2019-10-03,34658.354
4256,09:37:56.259000,SELL,10.04,100,34676259,2019-10-03,34676.259
4480,09:38:10.023000,SELL,10.03,300,34690023,2019-10-03,34690.023
4667,09:38:29.213000,SELL,10.03,300,34709213,2019-10-03,34709.213
4882,09:39:06.667000,SELL,10.02,300,34746667,2019-10-03,34746.667
5100,09:39:28.890000,SELL,10.01,700,34768890,2019-10-03,34768.89
5102,09:39:28.890000,SELL,10.01,100,34768890,2019-10-03,34768.89
5104,09:39:28.890000,SELL,10.01,100,34768890,2019-10-03,34768.89
5106,09:39:28.890000,SELL,10.01,100,34768890,2019-10-03,34768.89
5108,09:39:28.890000,SELL,10.01,100,34768890,2019-10-03,34768.89
5110,09:39:28.890000,SELL,10.01,100,34768890,2019-10-03,34768.89
5201,09:39:29.449000,SELL,10.0,200,34769449,2019-10-03,34769.449
5208,09:39:29.449000,SELL,10.0,100,34769449,2019-10-03,34769.449
5238,09:39:29.450000,BUY,10.0,200,34769450,2019-10-03,34769.45
5242,09:39:29.450000,BUY,10.0,200,34769450,2019-10-03,34769.45
5244,09:39:29.450000,BUY,10.0,200,34769450,2019-10-03,34769.45
5284,09:39:29.451000,SELL,10.0,600,34769451,2019-10-03,34769.451
5391,09:39:36.188000,SELL,10.0,100,34776188,2019-10-03,34776.188
5393,09:39:36.188000,SELL,10.0,100,34776188,2019-10-03,34776.188
5395,09:39:36.188000,SELL,10.0,800,34776188,2019-10-03,34776.188
5753,09:40:06.861000,SELL,9.99,100,34806861,2019-10-03,34806.861
5504,09:39:37.027000,BUY,10.0,200,34777027,2019-10-03,34777.027
5758,09:40:06.861000,SELL,9.99,200,34806861,2019-10-03,34806.861
5760,09:40:06.861000,SELL,9.99,85,34806861,2019-10-03,34806.861
5870,09:40:20.717000,BUY,10.0,400,34820717,2019-10-03,34820.717
5874,09:40:20.717000,BUY,10.0,16,34820717,2019-10-03,34820.717
5876,09:40:20.717000,BUY,10.0,5,34820717,2019-10-03,34820.717
5878,09:40:20.717000,BUY,10.0,100,34820717,2019-10-03,34820.717
5880,09:40:20.717000,BUY,10.0,79,34820717,2019-10-03,34820.717
5883,09:40:20.717000,BUY,10.0,21,34820717,2019-10-03,34820.717
5905,09:40:20.717000,SELL,10.0,200,34820717,2019-10-03,34820.717
5907,09:40:20.717000,SELL,10.0,200,34820717,2019-10-03,34820.717
5909,09:40:20.717000,SELL,10.0,32,34820717,2019-10-03,34820.717
5911,09:40:20.717000,SELL,10.0,100,34820717,2019-10-03,34820.717
5913,09:40:20.717000,SELL,10.0,200,34820717,2019-10-03,34820.717
5915,09:40:20.717000,SELL,10.0,100,34820717,2019-10-03,34820.717
5917,09:40:20.717000,SELL,10.0,100,34820717,2019-10-03,34820.717
5974,09:40:21.866000,SELL,9.99,115,34821866,2019-10-03,34821.866
5978,09:40:21.866000,SELL,9.99,200,34821866,2019-10-03,34821.866
6036,09:40:22.834000,SELL,9.98,200,34822834,2019-10-03,34822.834
6123,09:40:28.246000,BUY,9.98,2,34828246,2019-10-03,34828.246
6127,09:40:28.246000,BUY,9.98,33,34828246,2019-10-03,34828.246
6129,09:40:28.246000,BUY,9.98,900,34828246,2019-10-03,34828.246
6131,09:40:28.246000,BUY,9.98,100,34828246,2019-10-03,34828.246
6133,09:40:28.246000,BUY,9.98,100,34828246,2019-10-03,34828.246
6480,09:41:04.360000,SELL,9.99,134,34864360,2019-10-03,34864.36
6298,09:40:40.901000,BUY,9.99,2000,34840901,2019-10-03,34840.901
6484,09:41:04.360000,SELL,9.99,100,34864360,2019-10-03,34864.36
6486,09:41:04.360000,SELL,9.99,100,34864360,2019-10-03,34864.36
6488,09:41:04.360000,SELL,9.99,100,34864360,2019-10-03,34864.36
6490,09:41:04.360000,SELL,9.99,200,34864360,2019-10-03,34864.36
6492,09:41:04.360000,SELL,9.99,100,34864360,2019-10-03,34864.36
6503,09:41:04.361000,BUY,10.0,337,34864361,2019-10-03,34864.361
6507,09:41:04.361000,BUY,10.0,463,34864361,2019-10-03,34864.361
6538,09:41:04.361000,BUY,9.99,37,34864361,2019-10-03,34864.361
6540,09:41:04.361000,BUY,9.99,37,34864361,2019-10-03,34864.361
6542,09:41:04.361000,BUY,9.99,275,34864361,2019-10-03,34864.361
6658,09:41:18.293000,SELL,9.98,133,34878293,2019-10-03,34878.293
6662,09:41:18.293000,SELL,9.98,100,34878293,2019-10-03,34878.293
6664,09:41:18.293000,SELL,9.98,100,34878293,2019-10-03,34878.293
6666,09:41:18.293000,SELL,9.98,2000,34878293,2019-10-03,34878.293
6733,09:41:18.774000,BUY,9.98,200,34878774,2019-10-03,34878.774
6986,09:41:55.652000,SELL,9.98,139,34915652,2019-10-03,34915.652
7109,09:42:00.075000,SELL,9.97,101,34920075,2019-10-03,34920.075
7135,09:42:00.700000,SELL,9.97,200,34920700,2019-10-03,34920.7
7139,09:42:00.700000,SELL,9.97,100,34920700,2019-10-03,34920.7
7241,09:42:01.426000,BUY,9.97,401,34921426,2019-10-03,34921.426
7356,09:42:12.541000,BUY,9.98,300,34932541,2019-10-03,34932.541
7389,09:42:12.975000,SELL,9.97,173,34932975,2019-10-03,34932.975
7523,09:42:34.811000,SELL,9.97,1,34954811,2019-10-03,34954.811
7619,09:42:47.895000,BUY,9.98,300,34967895,2019-10-03,34967.895
7623,09:42:47.895000,BUY,9.98,100,34967895,2019-10-03,34967.895
7625,09:42:47.895000,BUY,9.98,16,34967895,2019-10-03,34967.895
7643,09:42:47.895000,BUY,9.98,100,34967895,2019-10-03,34967.895
7652,09:42:47.895000,BUY,9.98,100,34967895,2019-10-03,34967.895
7693,09:42:47.896000,SELL,9.98,300,34967896,2019-10-03,34967.896
7662,09:42:47.896000,BUY,9.98,100,34967896,2019-10-03,34967.896
7695,09:42:47.896000,SELL,9.98,200,34967896,2019-10-03,34967.896
7697,09:42:47.896000,SELL,9.98,43,34967896,2019-10-03,34967.896
7699,09:42:47.896000,SELL,9.98,57,34967896,2019-10-03,34967.896
7703,09:42:47.896000,SELL,9.98,1,34967896,2019-10-03,34967.896
7772,09:42:48.850000,BUY,9.99,300,34968850,2019-10-03,34968.85
7776,09:42:48.850000,BUY,9.99,100,34968850,2019-10-03,34968.85
7778,09:42:48.850000,BUY,9.99,100,34968850,2019-10-03,34968.85
7780,09:42:48.850000,BUY,9.99,100,34968850,2019-10-03,34968.85
7782,09:42:48.850000,BUY,9.99,1,34968850,2019-10-03,34968.85
7784,09:42:48.850000,BUY,9.99,100,34968850,2019-10-03,34968.85
7786,09:42:48.850000,BUY,9.99,100,34968850,2019-10-03,34968.85
8136,09:43:35.177000,BUY,10.0,200,35015177,2019-10-03,35015.177
8140,09:43:35.177000,BUY,10.0,100,35015177,2019-10-03,35015.177
8142,09:43:35.177000,BUY,10.0,100,35015177,2019-10-03,35015.177
8147,09:43:35.177000,BUY,10.0,100,35015177,2019-10-03,35015.177
8183,09:43:35.390000,SELL,9.99,100,35015390,2019-10-03,35015.39
8233,09:43:37.004000,BUY,10.0,500,35017004,2019-10-03,35017.004
8318,09:43:37.708000,BUY,10.01,200,35017708,2019-10-03,35017.708
8374,09:43:37.861000,SELL,10.01,400,35017861,2019-10-03,35017.861
8670,09:44:16.996000,BUY,10.0,245,35056996,2019-10-03,35056.996
8674,09:44:16.996000,BUY,10.0,200,35056996,2019-10-03,35056.996
8676,09:44:16.996000,BUY,10.0,400,35056996,2019-10-03,35056.996
8678,09:44:16.996000,BUY,10.0,100,35056996,2019-10-03,35056.996
8779,09:44:18.710000,BUY,10.01,144,35058710,2019-10-03,35058.71
8783,09:44:18.710000,BUY,10.01,100,35058710,2019-10-03,35058.71
8785,09:44:18.710000,BUY,10.01,200,35058710,2019-10-03,35058.71
8958,09:44:26.912000,SELL,10.01,200,35066912,2019-10-03,35066.912
8827,09:44:19.094000,BUY,10.02,100,35059094,2019-10-03,35059.094
9201,09:45:06.348000,BUY,10.01,700,35106348,2019-10-03,35106.348
9206,09:45:06.348000,BUY,10.01,200,35106348,2019-10-03,35106.348
9208,09:45:06.348000,BUY,10.01,94,35106348,2019-10-03,35106.348
9318,09:45:12.506000,SELL,10.0,100,35112506,2019-10-03,35112.506
9224,09:45:06.349000,BUY,10.01,801,35106349,2019-10-03,35106.349
9560,09:45:24.565000,BUY,10.01,100,35124565,2019-10-03,35124.565
9562,09:45:24.565000,BUY,10.01,100,35124565,2019-10-03,35124.565
9619,09:45:24.568000,SELL,10.01,800,35124568,2019-10-03,35124.568
9623,09:45:24.568000,SELL,10.01,51,35124568,2019-10-03,35124.568
9625,09:45:24.568000,SELL,10.01,100,35124568,2019-10-03,35124.568
9708,09:45:31.779000,BUY,10.01,451,35131779,2019-10-03,35131.779
9713,09:45:31.779000,BUY,10.01,700,35131779,2019-10-03,35131.779
9715,09:45:31.779000,BUY,10.01,300,35131779,2019-10-03,35131.779
9730,09:45:31.779000,BUY,10.01,700,35131779,2019-10-03,35131.779
9732,09:45:31.779000,BUY,10.01,100,35131779,2019-10-03,35131.779
9744,09:45:31.779000,BUY,10.01,700,35131779,2019-10-03,35131.779
9785,09:45:31.781000,SELL,10.01,552,35131781,2019-10-03,35131.781
9757,09:45:31.780000,BUY,10.01,166,35131780,2019-10-03,35131.78
9789,09:45:31.781000,SELL,10.01,30,35131781,2019-10-03,35131.781
9791,09:45:31.781000,SELL,10.01,400,35131781,2019-10-03,35131.781
9793,09:45:31.781000,SELL,10.01,400,35131781,2019-10-03,35131.781
9895,09:45:41.680000,BUY,10.01,152,35141680,2019-10-03,35141.68
9899,09:45:41.680000,BUY,10.01,500,35141680,2019-10-03,35141.68
9901,09:45:41.680000,BUY,10.01,300,35141680,2019-10-03,35141.68
9903,09:45:41.680000,BUY,10.01,100,35141680,2019-10-03,35141.68
9967,09:45:41.914000,BUY,10.02,200,35141914,2019-10-03,35141.914
10001,09:45:41.915000,BUY,10.02,100,35141915,2019-10-03,35141.915
10007,09:45:41.915000,BUY,10.02,42,35141915,2019-10-03,35141.915
10012,09:45:41.915000,BUY,10.02,58,35141915,2019-10-03,35141.915
10193,09:45:43.485000,BUY,10.03,271,35143485,2019-10-03,35143.485
10356,09:46:00.569000,BUY,10.03,22,35160569,2019-10-03,35160.569
10358,09:46:00.569000,BUY,10.03,300,35160569,2019-10-03,35160.569
10360,09:46:00.569000,BUY,10.03,122,35160569,2019-10-03,35160.569
10362,09:46:00.569000,BUY,10.03,78,35160569,2019-10-03,35160.569
10364,09:46:00.569000,BUY,10.03,100,35160569,2019-10-03,35160.569
11159,09:47:13.038000,SELL,10.05,200,35233038,2019-10-03,35233.038
10566,09:46:06.089000,BUY,10.06,100,35166089,2019-10-03,35166.089
11163,09:47:13.038000,SELL,10.05,200,35233038,2019-10-03,35233.038
11165,09:47:13.038000,SELL,10.05,100,35233038,2019-10-03,35233.038
11167,09:47:13.038000,SELL,10.05,200,35233038,2019-10-03,35233.038
11169,09:47:13.038000,SELL,10.05,100,35233038,2019-10-03,35233.038
11171,09:47:13.038000,SELL,10.05,100,35233038,2019-10-03,35233.038
11189,09:47:13.038000,SELL,10.05,10,35233038,2019-10-03,35233.038
11191,09:47:13.038000,SELL,10.05,90,35233038,2019-10-03,35233.038
11193,09:47:13.038000,SELL,10.05,100,35233038,2019-10-03,35233.038
11445,09:47:26.429000,SELL,10.04,32,35246429,2019-10-03,35246.429
11572,09:47:34.705000,BUY,10.05,300,35254705,2019-10-03,35254.705
11576,09:47:34.705000,BUY,10.05,200,35254705,2019-10-03,35254.705
11578,09:47:34.705000,BUY,10.05,200,35254705,2019-10-03,35254.705
11580,09:47:34.705000,BUY,10.05,100,35254705,2019-10-03,35254.705
11683,09:47:38.038000,SELL,10.05,406,35258038,2019-10-03,35258.038
12136,09:48:22.740000,SELL,10.03,400,35302740,2019-10-03,35302.74
12140,09:48:22.740000,SELL,10.03,100,35302740,2019-10-03,35302.74
12142,09:48:22.740000,SELL,10.03,100,35302740,2019-10-03,35302.74
12144,09:48:22.740000,SELL,10.03,100,35302740,2019-10-03,35302.74
12146,09:48:22.740000,SELL,10.03,48,35302740,2019-10-03,35302.74
12293,09:48:24.663000,SELL,10.02,200,35304663,2019-10-03,35304.663
12388,09:48:28.191000,BUY,10.02,600,35308191,2019-10-03,35308.191
12392,09:48:28.191000,BUY,10.02,100,35308191,2019-10-03,35308.191
12495,09:48:30.856000,SELL,10.02,900,35310856,2019-10-03,35310.856
12794,09:49:15.100000,BUY,10.02,200,35355100,2019-10-03,35355.1
12929,09:49:20.791000,SELL,10.01,200,35360791,2019-10-03,35360.791
12879,09:49:15.823000,BUY,10.02,100,35355823,2019-10-03,35355.823
12933,09:49:20.791000,SELL,10.01,100,35360791,2019-10-03,35360.791
12935,09:49:20.791000,SELL,10.01,200,35360791,2019-10-03,35360.791
12937,09:49:20.791000,SELL,10.01,100,35360791,2019-10-03,35360.791
13023,09:49:21.538000,BUY,10.01,463,35361538,2019-10-03,35361.538
13027,09:49:21.538000,BUY,10.01,400,35361538,2019-10-03,35361.538
13029,09:49:21.538000,BUY,10.01,300,35361538,2019-10-03,35361.538
13034,09:49:21.538000,SELL,10.0,63,35361538,2019-10-03,35361.538
13036,09:49:21.538000,SELL,10.0,37,35361538,2019-10-03,35361.538
13043,09:49:21.538000,BUY,10.01,400,35361538,2019-10-03,35361.538
13053,09:49:21.538000,BUY,10.01,100,35361538,2019-10-03,35361.538
13061,09:49:21.538000,BUY,10.01,100,35361538,2019-10-03,35361.538
13076,09:49:21.539000,SELL,10.0,400,35361539,2019-10-03,35361.539
13088,09:49:21.545000,SELL,10.0,400,35361545,2019-10-03,35361.545
13286,09:49:42.810000,BUY,10.01,669,35382810,2019-10-03,35382.81
13290,09:49:42.810000,BUY,10.01,300,35382810,2019-10-03,35382.81
13292,09:49:42.810000,BUY,10.01,200,35382810,2019-10-03,35382.81
13326,09:49:43.090000,SELL,10.0,600,35383090,2019-10-03,35383.09
13402,09:49:50.848000,BUY,10.01,400,35390848,2019-10-03,35390.848
13406,09:49:50.848000,BUY,10.01,200,35390848,2019-10-03,35390.848
13411,09:49:50.848000,BUY,10.01,100,35390848,2019-10-03,35390.848
13417,09:49:50.848000,BUY,10.01,1,35390848,2019-10-03,35390.848
13419,09:49:50.848000,BUY,10.01,1,35390848,2019-10-03,35390.848
13434,09:49:51.259000,BUY,10.01,198,35391259,2019-10-03,35391.259
13487,09:49:51.713000,BUY,10.02,900,35391713,2019-10-03,35391.713
13517,09:49:52.366000,BUY,10.02,100,35392366,2019-10-03,35392.366
13543,09:49:54.884000,SELL,10.01,400,35394884,2019-10-03,35394.884
13547,09:49:54.884000,SELL,10.01,100,35394884,2019-10-03,35394.884
13549,09:49:54.884000,SELL,10.01,100,35394884,2019-10-03,35394.884
13551,09:49:54.884000,SELL,10.01,200,35394884,2019-10-03,35394.884
13624,09:49:55.557000,SELL,10.0,300,35395557,2019-10-03,35395.557
13628,09:49:55.557000,SELL,10.0,100,35395557,2019-10-03,35395.557
13648,09:49:55.557000,SELL,10.0,46,35395557,2019-10-03,35395.557
13652,09:49:55.557000,SELL,10.0,54,35395557,2019-10-03,35395.557
13656,09:49:55.557000,SELL,10.0,54,35395557,2019-10-03,35395.557
13659,09:49:55.557000,SELL,10.0,46,35395557,2019-10-03,35395.557
13843,09:50:59.781000,SELL,10.0,200,35459781,2019-10-03,35459.781
13847,09:50:59.781000,SELL,10.0,100,35459781,2019-10-03,35459.781
13927,09:51:00.659000,SELL,9.99,200,35460659,2019-10-03,35460.659
13931,09:51:00.659000,SELL,9.99,200,35460659,2019-10-03,35460.659
13933,09:51:00.659000,SELL,9.99,100,35460659,2019-10-03,35460.659
13935,09:51:00.659000,SELL,9.99,700,35460659,2019-10-03,35460.659
13937,09:51:00.659000,SELL,9.99,100,35460659,2019-10-03,35460.659
13966,09:51:00.672000,BUY,10.0,200,35460672,2019-10-03,35460.672
14031,09:51:07.644000,SELL,9.99,200,35467644,2019-10-03,35467.644
14035,09:51:07.644000,SELL,9.99,100,35467644,2019-10-03,35467.644
14037,09:51:07.644000,SELL,9.99,100,35467644,2019-10-03,35467.644
15105,09:54:08.206000,BUY,9.99,575,35648206,2019-10-03,35648.206
15109,09:54:08.206000,BUY,9.99,100,35648206,2019-10-03,35648.206
15111,09:54:08.206000,BUY,9.99,100,35648206,2019-10-03,35648.206
15113,09:54:08.206000,BUY,9.99,200,35648206,2019-10-03,35648.206
15115,09:54:08.206000,BUY,9.99,25,35648206,2019-10-03,35648.206
15119,09:54:08.206000,BUY,9.99,75,35648206,2019-10-03,35648.206
15187,09:54:08.210000,BUY,10.0,56,35648210,2019-10-03,35648.21
15236,09:54:08.284000,BUY,10.0,179,35648284,2019-10-03,35648.284
15243,09:54:08.284000,BUY,10.0,495,35648284,2019-10-03,35648.284
15245,09:54:08.284000,BUY,10.0,400,35648284,2019-10-03,35648.284
15264,09:54:08.284000,BUY,10.0,100,35648284,2019-10-03,35648.284
15333,09:54:09.061000,SELL,10.0,1500,35649061,2019-10-03,35649.061
15337,09:54:09.061000,SELL,10.0,500,35649061,2019-10-03,35649.061
15731,09:54:43.790000,SELL,9.98,245,35683790,2019-10-03,35683.79
16439,09:56:22.072000,SELL,9.98,55,35782072,2019-10-03,35782.072
16457,09:56:22.072000,SELL,9.98,45,35782072,2019-10-03,35782.072
16493,09:56:22.073000,SELL,9.98,801,35782073,2019-10-03,35782.073
16828,09:56:52.087000,SELL,9.97,700,35812087,2019-10-03,35812.087
16830,09:56:52.087000,SELL,9.97,3,35812087,2019-10-03,35812.087
17148,09:57:22.802000,BUY,9.97,500,35842802,2019-10-03,35842.802
17152,09:57:22.802000,BUY,9.97,300,35842802,2019-10-03,35842.802
17154,09:57:22.802000,BUY,9.97,100,35842802,2019-10-03,35842.802
17238,09:57:23.104000,BUY,9.98,300,35843104,2019-10-03,35843.104
17242,09:57:23.104000,BUY,9.98,200,35843104,2019-10-03,35843.104
17478,09:57:39.544000,BUY,9.99,300,35859544,2019-10-03,35859.544
17482,09:57:39.544000,BUY,9.99,100,35859544,2019-10-03,35859.544
17484,09:57:39.544000,BUY,9.99,100,35859544,2019-10-03,35859.544
17486,09:57:39.544000,BUY,9.99,300,35859544,2019-10-03,35859.544
17488,09:57:39.544000,BUY,9.99,100,35859544,2019-10-03,35859.544
17743,09:58:43.632000,BUY,10.0,1500,35923632,2019-10-03,35923.632
17747,09:58:43.632000,BUY,10.0,5,35923632,2019-10-03,35923.632
17749,09:58:43.632000,BUY,10.0,100,35923632,2019-10-03,35923.632
17751,09:58:43.632000,BUY,10.0,300,35923632,2019-10-03,35923.632
17841,09:58:44.883000,SELL,10.0,200,35924883,2019-10-03,35924.883
17908,09:58:45.623000,BUY,10.0,1000,35925623,2019-10-03,35925.623
17945,09:58:50.043000,BUY,10.0,200,35930043,2019-10-03,35930.043
17947,09:58:50.043000,BUY,10.0,100,35930043,2019-10-03,35930.043
17992,09:58:50.072000,BUY,10.01,300,35930072,2019-10-03,35930.072
18077,09:58:51.286000,BUY,10.0,1,35931286,2019-10-03,35931.286
18157,09:58:53.176000,SELL,10.0,100,35933176,2019-10-03,35933.176
18096,09:58:51.287000,BUY,10.0,282,35931287,2019-10-03,35931.287
18413,09:59:41.363000,BUY,10.0,300,35981363,2019-10-03,35981.363
18417,09:59:41.363000,BUY,10.0,900,35981363,2019-10-03,35981.363
18419,09:59:41.363000,BUY,10.0,127,35981363,2019-10-03,35981.363
18421,09:59:41.363000,BUY,10.0,100,35981363,2019-10-03,35981.363
18565,10:00:00.004000,SELL,9.99,200,36000004,2019-10-03,36000.004
18570,10:00:00.004000,SELL,9.99,100,36000004,2019-10-03,36000.004
18572,10:00:00.004000,SELL,9.99,200,36000004,2019-10-03,36000.004
18584,10:00:00.005000,SELL,9.98,200,36000005,2019-10-03,36000.005
18588,10:00:00.005000,SELL,9.98,400,36000005,2019-10-03,36000.005
18590,10:00:00.005000,SELL,9.98,200,36000005,2019-10-03,36000.005
18592,10:00:00.005000,SELL,9.98,40,36000005,2019-10-03,36000.005
18594,10:00:00.005000,SELL,9.98,100,36000005,2019-10-03,36000.005
18620,10:00:00.016000,SELL,9.97,1100,36000016,2019-10-03,36000.016
18624,10:00:00.016000,SELL,9.97,200,36000016,2019-10-03,36000.016
18626,10:00:00.016000,SELL,9.97,200,36000016,2019-10-03,36000.016
18628,10:00:00.016000,SELL,9.97,3,36000016,2019-10-03,36000.016
18630,10:00:00.016000,SELL,9.97,100,36000016,2019-10-03,36000.016
18666,10:00:00.043000,SELL,9.97,200,36000043,2019-10-03,36000.043
18674,10:00:00.053000,BUY,9.98,100,36000053,2019-10-03,36000.053
18744,10:00:00.405000,SELL,9.96,300,36000405,2019-10-03,36000.405
18748,10:00:00.405000,SELL,9.96,200,36000405,2019-10-03,36000.405
18750,10:00:00.405000,SELL,9.96,200,36000405,2019-10-03,36000.405
18870,10:00:00.789000,SELL,9.95,105,36000789,2019-10-03,36000.789
18874,10:00:00.789000,SELL,9.95,195,36000789,2019-10-03,36000.789
18880,10:00:00.789000,SELL,9.95,5,36000789,2019-10-03,36000.789
18937,10:00:00.795000,BUY,9.95,500,36000795,2019-10-03,36000.795
18941,10:00:00.795000,BUY,9.95,100,36000795,2019-10-03,36000.795
18943,10:00:00.795000,BUY,9.95,100,36000795,2019-10-03,36000.795
18945,10:00:00.795000,BUY,9.95,100,36000795,2019-10-03,36000.795
18947,10:00:00.795000,BUY,9.95,100,36000795,2019-10-03,36000.795
18949,10:00:00.795000,BUY,9.95,400,36000795,2019-10-03,36000.795
18951,10:00:00.795000,BUY,9.95,910,36000795,2019-10-03,36000.795
18977,10:00:01.048000,SELL,9.95,400,36001048,2019-10-03,36001.048
19035,10:00:01.108000,BUY,9.94,200,36001108,2019-10-03,36001.108
19093,10:00:02.912000,SELL,9.93,330,36002912,2019-10-03,36002.912
19435,10:00:07.881000,SELL,9.92,400,36007881,2019-10-03,36007.881
19520,10:00:08.383000,BUY,9.91,800,36008383,2019-10-03,36008.383
19524,10:00:08.383000,BUY,9.91,100,36008383,2019-10-03,36008.383
19526,10:00:08.383000,BUY,9.91,100,36008383,2019-10-03,36008.383
19528,10:00:08.383000,BUY,9.91,22,36008383,2019-10-03,36008.383
19790,10:00:15.368000,BUY,9.91,100,36015368,2019-10-03,36015.368
19795,10:00:15.368000,BUY,9.91,111,36015368,2019-10-03,36015.368
19797,10:00:15.368000,BUY,9.91,600,36015368,2019-10-03,36015.368
19799,10:00:15.368000,BUY,9.91,200,36015368,2019-10-03,36015.368
19801,10:00:15.368000,BUY,9.91,89,36015368,2019-10-03,36015.368
19935,10:00:18.501000,SELL,9.9,400,36018501,2019-10-03,36018.501
19822,10:00:15.369000,BUY,9.91,100,36015369,2019-10-03,36015.369
20008,10:00:19.105000,SELL,9.89,100,36019105,2019-10-03,36019.105
20073,10:00:19.384000,BUY,9.89,400,36019384,2019-10-03,36019.384
20077,10:00:19.384000,BUY,9.89,100,36019384,2019-10-03,36019.384
20079,10:00:19.384000,BUY,9.89,100,36019384,2019-10-03,36019.384
20081,10:00:19.384000,BUY,9.89,400,36019384,2019-10-03,36019.384
20083,10:00:19.384000,BUY,9.89,200,36019384,2019-10-03,36019.384
20166,10:00:21.153000,SELL,9.88,600,36021153,2019-10-03,36021.153
20466,10:00:36.904000,SELL,9.87,607,36036904,2019-10-03,36036.904
20470,10:00:36.904000,SELL,9.87,100,36036904,2019-10-03,36036.904
20581,10:00:38.953000,SELL,9.86,100,36038953,2019-10-03,36038.953
20762,10:00:51.208000,BUY,9.86,123,36051208,2019-10-03,36051.208
20766,10:00:51.208000,BUY,9.86,300,36051208,2019-10-03,36051.208
20768,10:00:51.208000,BUY,9.86,287,36051208,2019-10-03,36051.208
20935,10:01:00.417000,BUY,9.86,200,36060417,2019-10-03,36060.417
20941,10:01:00.418000,BUY,9.86,1,36060418,2019-10-03,36060.418
21009,10:01:03.162000,BUY,9.87,400,36063162,2019-10-03,36063.162
21210,10:01:07.502000,BUY,9.87,100,36067502,2019-10-03,36067.502
21212,10:01:07.502000,BUY,9.87,400,36067502,2019-10-03,36067.502
21220,10:01:07.503000,SELL,9.86,100,36067503,2019-10-03,36067.503
21234,10:01:07.503000,BUY,9.87,100,36067503,2019-10-03,36067.503
21236,10:01:07.503000,BUY,9.87,100,36067503,2019-10-03,36067.503
21558,10:01:24.673000,SELL,9.88,599,36084673,2019-10-03,36084.673
21380,10:01:21.610000,BUY,9.88,400,36081610,2019-10-03,36081.61
21686,10:01:30.296000,SELL,9.87,200,36090296,2019-10-03,36090.296
21723,10:01:30.296000,SELL,9.87,100,36090296,2019-10-03,36090.296
21750,10:01:30.308000,SELL,9.87,200,36090308,2019-10-03,36090.308
21869,10:01:40.130000,BUY,9.88,300,36100130,2019-10-03,36100.13
21954,10:01:46.612000,SELL,9.87,200,36106612,2019-10-03,36106.612
21958,10:01:46.612000,SELL,9.87,100,36106612,2019-10-03,36106.612
21960,10:01:46.612000,SELL,9.87,100,36106612,2019-10-03,36106.612
21967,10:01:46.612000,SELL,9.87,100,36106612,2019-10-03,36106.612
21971,10:01:46.612000,SELL,9.87,100,36106612,2019-10-03,36106.612
21976,10:01:46.612000,SELL,9.87,100,36106612,2019-10-03,36106.612
21978,10:01:46.612000,SELL,9.87,100,36106612,2019-10-03,36106.612
21984,10:01:46.612000,SELL,9.87,100,36106612,2019-10-03,36106.612
21991,10:01:46.612000,SELL,9.87,100,36106612,2019-10-03,36106.612
21997,10:01:46.612000,SELL,9.87,100,36106612,2019-10-03,36106.612
22003,10:01:46.612000,SELL,9.87,100,36106612,2019-10-03,36106.612
22093,10:01:48.252000,SELL,9.86,200,36108252,2019-10-03,36108.252
22100,10:01:48.252000,SELL,9.86,100,36108252,2019-10-03,36108.252
22102,10:01:48.252000,SELL,9.86,100,36108252,2019-10-03,36108.252
22104,10:01:48.252000,SELL,9.86,100,36108252,2019-10-03,36108.252
22590,10:02:30.481000,BUY,9.86,373,36150481,2019-10-03,36150.481
22594,10:02:30.481000,BUY,9.86,27,36150481,2019-10-03,36150.481
22605,10:02:30.482000,BUY,9.86,84,36150482,2019-10-03,36150.482
22609,10:02:30.482000,BUY,9.86,100,36150482,2019-10-03,36150.482
22611,10:02:30.482000,BUY,9.86,100,36150482,2019-10-03,36150.482
22918,10:02:47.970000,SELL,9.86,300,36167970,2019-10-03,36167.97
23148,10:03:15.813000,SELL,9.86,100,36195813,2019-10-03,36195.813
23313,10:03:26.033000,BUY,9.86,200,36206033,2019-10-03,36206.033
23317,10:03:26.033000,BUY,9.86,100,36206033,2019-10-03,36206.033
23319,10:03:26.033000,BUY,9.86,100,36206033,2019-10-03,36206.033
23321,10:03:26.033000,BUY,9.86,100,36206033,2019-10-03,36206.033
23323,10:03:26.033000,BUY,9.86,100,36206033,2019-10-03,36206.033
23376,10:03:26.037000,SELL,9.86,500,36206037,2019-10-03,36206.037
23542,10:03:28.851000,SELL,9.85,702,36208851,2019-10-03,36208.851
23871,10:04:15.933000,BUY,9.86,400,36255933,2019-10-03,36255.933
23875,10:04:15.933000,BUY,9.86,100,36255933,2019-10-03,36255.933
23877,10:04:15.933000,BUY,9.86,100,36255933,2019-10-03,36255.933
23879,10:04:15.933000,BUY,9.86,300,36255933,2019-10-03,36255.933
23881,10:04:15.933000,BUY,9.86,100,36255933,2019-10-03,36255.933
23883,10:04:15.933000,BUY,9.86,200,36255933,2019-10-03,36255.933
23885,10:04:15.933000,BUY,9.86,100,36255933,2019-10-03,36255.933
23980,10:04:17.846000,SELL,9.86,200,36257846,2019-10-03,36257.846
23984,10:04:17.846000,SELL,9.86,300,36257846,2019-10-03,36257.846
23986,10:04:17.846000,SELL,9.86,100,36257846,2019-10-03,36257.846
24009,10:04:17.847000,SELL,9.86,100,36257847,2019-10-03,36257.847
24053,10:04:17.852000,BUY,9.86,700,36257852,2019-10-03,36257.852
24057,10:04:17.852000,BUY,9.86,100,36257852,2019-10-03,36257.852
24059,10:04:17.852000,BUY,9.86,300,36257852,2019-10-03,36257.852
24061,10:04:17.852000,BUY,9.86,100,36257852,2019-10-03,36257.852
24063,10:04:17.852000,BUY,9.86,300,36257852,2019-10-03,36257.852
24065,10:04:17.852000,BUY,9.86,200,36257852,2019-10-03,36257.852
24067,10:04:17.852000,BUY,9.86,100,36257852,2019-10-03,36257.852
24523,10:05:13.130000,SELL,9.86,300,36313130,2019-10-03,36313.13
24527,10:05:13.130000,SELL,9.86,200,36313130,2019-10-03,36313.13
24529,10:05:13.130000,SELL,9.86,100,36313130,2019-10-03,36313.13
24531,10:05:13.130000,SELL,9.86,200,36313130,2019-10-03,36313.13
24610,10:05:13.407000,SELL,9.86,200,36313407,2019-10-03,36313.407
24614,10:05:13.407000,SELL,9.86,100,36313407,2019-10-03,36313.407
25398,10:07:26.840000,SELL,9.86,300,36446840,2019-10-03,36446.84
25402,10:07:26.840000,SELL,9.86,200,36446840,2019-10-03,36446.84
25404,10:07:26.840000,SELL,9.86,100,36446840,2019-10-03,36446.84
25534,10:07:37.667000,SELL,9.85,1398,36457667,2019-10-03,36457.667
25758,10:08:13.757000,SELL,9.85,200,36493757,2019-10-03,36493.757
25760,10:08:13.757000,SELL,9.85,100,36493757,2019-10-03,36493.757
25762,10:08:13.757000,SELL,9.85,100,36493757,2019-10-03,36493.757
25764,10:08:13.757000,SELL,9.85,100,36493757,2019-10-03,36493.757
25766,10:08:13.757000,SELL,9.85,100,36493757,2019-10-03,36493.757
25768,10:08:13.757000,SELL,9.85,100,36493757,2019-10-03,36493.757
25770,10:08:13.757000,SELL,9.85,200,36493757,2019-10-03,36493.757
25857,10:08:13.758000,SELL,9.84,140,36493758,2019-10-03,36493.758
25864,10:08:13.758000,SELL,9.84,160,36493758,2019-10-03,36493.758
25866,10:08:13.758000,SELL,9.84,100,36493758,2019-10-03,36493.758
25868,10:08:13.758000,SELL,9.84,100,36493758,2019-10-03,36493.758
25870,10:08:13.758000,SELL,9.84,47,36493758,2019-10-03,36493.758
25879,10:08:13.758000,SELL,9.84,53,36493758,2019-10-03,36493.758
25945,10:08:13.772000,SELL,9.83,200,36493772,2019-10-03,36493.772
25949,10:08:13.772000,SELL,9.83,77,36493772,2019-10-03,36493.772
25960,10:08:13.772000,SELL,9.83,1,36493772,2019-10-03,36493.772
25962,10:08:13.772000,SELL,9.83,617,36493772,2019-10-03,36493.772
26098,10:08:14.375000,SELL,9.82,400,36494375,2019-10-03,36494.375
26102,10:08:14.375000,SELL,9.82,100,36494375,2019-10-03,36494.375
26201,10:08:16.239000,BUY,9.83,500,36496239,2019-10-03,36496.239
26205,10:08:16.239000,BUY,9.83,100,36496239,2019-10-03,36496.239
26395,10:08:34.717000,BUY,9.83,400,36514717,2019-10-03,36514.717
26399,10:08:34.717000,BUY,9.83,200,36514717,2019-10-03,36514.717
26401,10:08:34.717000,BUY,9.83,200,36514717,2019-10-03,36514.717
26417,10:08:34.717000,BUY,9.83,200,36514717,2019-10-03,36514.717
26425,10:08:34.717000,BUY,9.83,200,36514717,2019-10-03,36514.717
26438,10:08:34.717000,BUY,9.83,100,36514717,2019-10-03,36514.717
26547,10:08:36.940000,SELL,9.83,600,36516940,2019-10-03,36516.94
26551,10:08:36.940000,SELL,9.82,100,36516940,2019-10-03,36516.94
26653,10:08:40.987000,SELL,9.83,100,36520987,2019-10-03,36520.987
27088,10:09:15.092000,BUY,9.83,400,36555092,2019-10-03,36555.092
27229,10:09:17.594000,SELL,9.84,400,36557594,2019-10-03,36557.594
27833,10:10:05.672000,SELL,9.84,200,36605672,2019-10-03,36605.672
28002,10:10:11.693000,BUY,9.84,300,36611693,2019-10-03,36611.693
28006,10:10:11.693000,BUY,9.84,1,36611693,2019-10-03,36611.693
28008,10:10:11.693000,BUY,9.84,200,36611693,2019-10-03,36611.693
28010,10:10:11.693000,BUY,9.84,100,36611693,2019-10-03,36611.693
28012,10:10:11.693000,BUY,9.84,300,36611693,2019-10-03,36611.693
28124,10:10:13.024000,SELL,9.84,500,36613024,2019-10-03,36613.024
28231,10:10:28.708000,SELL,9.84,100,36628708,2019-10-03,36628.708
28562,10:11:00.749000,BUY,9.84,111,36660749,2019-10-03,36660.749
28810,10:11:13.062000,SELL,9.84,200,36673062,2019-10-03,36673.062
28814,10:11:13.062000,SELL,9.84,100,36673062,2019-10-03,36673.062
28816,10:11:13.062000,SELL,9.84,100,36673062,2019-10-03,36673.062
28818,10:11:13.062000,SELL,9.83,100,36673062,2019-10-03,36673.062
28820,10:11:13.062000,SELL,9.83,100,36673062,2019-10-03,36673.062
28822,10:11:13.062000,SELL,9.83,200,36673062,2019-10-03,36673.062
28824,10:11:13.062000,SELL,9.83,92,36673062,2019-10-03,36673.062
28959,10:11:14.947000,SELL,9.83,300,36674947,2019-10-03,36674.947
29132,10:11:35.121000,BUY,9.83,400,36695121,2019-10-03,36695.121
29136,10:11:35.121000,BUY,9.83,100,36695121,2019-10-03,36695.121
29138,10:11:35.121000,BUY,9.83,96,36695121,2019-10-03,36695.121
29140,10:11:35.121000,BUY,9.83,100,36695121,2019-10-03,36695.121
29142,10:11:35.121000,BUY,9.83,100,36695121,2019-10-03,36695.121
29144,10:11:35.121000,BUY,9.83,100,36695121,2019-10-03,36695.121
29146,10:11:35.121000,BUY,9.83,100,36695121,2019-10-03,36695.121
29150,10:11:35.121000,BUY,9.83,300,36695121,2019-10-03,36695.121
29255,10:11:35.943000,SELL,9.83,300,36695943,2019-10-03,36695.943
29259,10:11:35.943000,SELL,9.83,100,36695943,2019-10-03,36695.943
29261,10:11:35.943000,SELL,9.83,100,36695943,2019-10-03,36695.943
29263,10:11:35.943000,SELL,9.83,300,36695943,2019-10-03,36695.943
29265,10:11:35.943000,SELL,9.83,100,36695943,2019-10-03,36695.943
29294,10:11:35.953000,BUY,9.84,307,36695953,2019-10-03,36695.953
29704,10:12:17.705000,BUY,9.84,77,36737705,2019-10-03,36737.705
29711,10:12:17.705000,BUY,9.84,116,36737705,2019-10-03,36737.705
29713,10:12:17.705000,BUY,9.84,103,36737705,2019-10-03,36737.705
29730,10:12:17.705000,BUY,9.84,297,36737705,2019-10-03,36737.705
29732,10:12:17.705000,BUY,9.84,100,36737705,2019-10-03,36737.705
29734,10:12:17.705000,BUY,9.84,100,36737705,2019-10-03,36737.705
30000,10:12:46.265000,SELL,9.84,196,36766265,2019-10-03,36766.265
30004,10:12:46.265000,SELL,9.84,100,36766265,2019-10-03,36766.265
30006,10:12:46.265000,SELL,9.84,100,36766265,2019-10-03,36766.265
30008,10:12:46.265000,SELL,9.84,300,36766265,2019-10-03,36766.265
30010,10:12:46.265000,SELL,9.84,100,36766265,2019-10-03,36766.265
30440,10:13:17.282000,SELL,9.83,200,36797282,2019-10-03,36797.282
30444,10:13:17.282000,SELL,9.83,100,36797282,2019-10-03,36797.282
30446,10:13:17.282000,SELL,9.83,400,36797282,2019-10-03,36797.282
30467,10:13:17.282000,SELL,9.83,100,36797282,2019-10-03,36797.282
30476,10:13:17.282000,SELL,9.83,100,36797282,2019-10-03,36797.282
30493,10:13:17.282000,SELL,9.83,100,36797282,2019-10-03,36797.282
30501,10:13:17.282000,SELL,9.83,100,36797282,2019-10-03,36797.282
30513,10:13:17.283000,SELL,9.83,200,36797283,2019-10-03,36797.283
30523,10:13:17.283000,SELL,9.83,100,36797283,2019-10-03,36797.283
30818,10:13:26.965000,BUY,9.84,700,36806965,2019-10-03,36806.965
30862,10:13:32.638000,BUY,9.84,100,36812638,2019-10-03,36812.638
30864,10:13:32.638000,BUY,9.84,100,36812638,2019-10-03,36812.638
31303,10:14:05.365000,SELL,9.85,300,36845365,2019-10-03,36845.365
31150,10:14:01.020000,BUY,9.85,100,36841020,2019-10-03,36841.02
31307,10:14:05.365000,SELL,9.85,200,36845365,2019-10-03,36845.365
31309,10:14:05.365000,SELL,9.85,300,36845365,2019-10-03,36845.365
31311,10:14:05.365000,SELL,9.85,6,36845365,2019-10-03,36845.365
31313,10:14:05.365000,SELL,9.85,100,36845365,2019-10-03,36845.365
31315,10:14:05.365000,SELL,9.85,100,36845365,2019-10-03,36845.365
31455,10:14:09.193000,BUY,9.85,500,36849193,2019-10-03,36849.193
31637,10:14:15.636000,BUY,9.86,100,36855636,2019-10-03,36855.636
31639,10:14:15.636000,BUY,9.86,100,36855636,2019-10-03,36855.636
31771,10:14:17.005000,SELL,9.86,200,36857005,2019-10-03,36857.005
31775,10:14:17.005000,SELL,9.86,200,36857005,2019-10-03,36857.005
31777,10:14:17.005000,SELL,9.86,100,36857005,2019-10-03,36857.005
31779,10:14:17.005000,SELL,9.86,100,36857005,2019-10-03,36857.005
31968,10:14:23.980000,BUY,9.86,400,36863980,2019-10-03,36863.98
31972,10:14:23.980000,BUY,9.86,271,36863980,2019-10-03,36863.98
32204,10:14:49.491000,SELL,9.86,300,36889491,2019-10-03,36889.491
32293,10:14:58.160000,SELL,9.86,100,36898160,2019-10-03,36898.16
32295,10:14:58.160000,SELL,9.86,100,36898160,2019-10-03,36898.16
32429,10:15:00.618000,SELL,9.85,200,36900618,2019-10-03,36900.618
32433,10:15:00.618000,SELL,9.85,100,36900618,2019-10-03,36900.618
32435,10:15:00.618000,SELL,9.85,100,36900618,2019-10-03,36900.618
32437,10:15:00.618000,SELL,9.85,100,36900618,2019-10-03,36900.618
32439,10:15:00.618000,SELL,9.85,100,36900618,2019-10-03,36900.618
32629,10:15:09.063000,SELL,9.85,300,36909063,2019-10-03,36909.063
32633,10:15:09.063000,SELL,9.85,570,36909063,2019-10-03,36909.063
32635,10:15:09.063000,SELL,9.85,200,36909063,2019-10-03,36909.063
32637,10:15:09.063000,SELL,9.85,300,36909063,2019-10-03,36909.063
32639,10:15:09.063000,SELL,9.85,100,36909063,2019-10-03,36909.063
32641,10:15:09.063000,SELL,9.85,400,36909063,2019-10-03,36909.063
32643,10:15:09.063000,SELL,9.85,795,36909063,2019-10-03,36909.063
32725,10:15:15.521000,BUY,9.85,200,36915521,2019-10-03,36915.521
32729,10:15:15.521000,BUY,9.85,100,36915521,2019-10-03,36915.521
32731,10:15:15.521000,BUY,9.85,100,36915521,2019-10-03,36915.521
32851,10:15:18.084000,SELL,9.85,200,36918084,2019-10-03,36918.084
32855,10:15:18.084000,SELL,9.85,400,36918084,2019-10-03,36918.084
33382,10:15:55.613000,SELL,9.85,103,36955613,2019-10-03,36955.613
32963,10:15:19.859000,BUY,9.85,300,36919859,2019-10-03,36919.859
33398,10:15:55.615000,SELL,9.85,497,36955615,2019-10-03,36955.615
33459,10:15:56.472000,SELL,9.85,400,36956472,2019-10-03,36956.472
34002,10:16:39.669000,SELL,9.84,300,36999669,2019-10-03,36999.669
33601,10:16:07.674000,BUY,9.85,216,36967674,2019-10-03,36967.674
34009,10:16:39.669000,SELL,9.84,64,36999669,2019-10-03,36999.669
34016,10:16:39.669000,SELL,9.84,36,36999669,2019-10-03,36999.669
34018,10:16:39.669000,SELL,9.84,100,36999669,2019-10-03,36999.669
34020,10:16:39.669000,SELL,9.84,100,36999669,2019-10-03,36999.669
34022,10:16:39.669000,SELL,9.84,17,36999669,2019-10-03,36999.669
34031,10:16:39.669000,SELL,9.84,83,36999669,2019-10-03,36999.669
34486,10:17:13.126000,BUY,9.84,700,37033126,2019-10-03,37033.126
34524,10:17:13.129000,BUY,9.84,200,37033129,2019-10-03,37033.129
34532,10:17:13.131000,BUY,9.84,200,37033131,2019-10-03,37033.131
34716,10:17:21.365000,BUY,9.85,400,37041365,2019-10-03,37041.365
34868,10:17:29.115000,SELL,9.85,200,37049115,2019-10-03,37049.115
34872,10:17:29.115000,SELL,9.85,100,37049115,2019-10-03,37049.115
34874,10:17:29.115000,SELL,9.85,300,37049115,2019-10-03,37049.115
34876,10:17:29.115000,SELL,9.85,200,37049115,2019-10-03,37049.115
34878,10:17:29.115000,SELL,9.85,100,37049115,2019-10-03,37049.115
34880,10:17:29.115000,SELL,9.85,200,37049115,2019-10-03,37049.115
34882,10:17:29.115000,SELL,9.85,100,37049115,2019-10-03,37049.115
34924,10:17:29.117000,SELL,9.85,300,37049117,2019-10-03,37049.117
34928,10:17:29.117000,SELL,9.85,100,37049117,2019-10-03,37049.117
34930,10:17:29.117000,SELL,9.85,100,37049117,2019-10-03,37049.117
34932,10:17:29.117000,SELL,9.85,100,37049117,2019-10-03,37049.117
35057,10:17:32.064000,BUY,9.85,400,37052064,2019-10-03,37052.064
35158,10:17:33.040000,BUY,9.86,300,37053040,2019-10-03,37053.04
35162,10:17:33.040000,BUY,9.86,100,37053040,2019-10-03,37053.04
35164,10:17:33.040000,BUY,9.86,200,37053040,2019-10-03,37053.04
35294,10:17:34.387000,SELL,9.86,400,37054387,2019-10-03,37054.387
35482,10:17:38.915000,SELL,9.86,200,37058915,2019-10-03,37058.915
35486,10:17:38.915000,SELL,9.86,200,37058915,2019-10-03,37058.915
35488,10:17:38.915000,SELL,9.86,100,37058915,2019-10-03,37058.915
36143,10:18:32.628000,SELL,9.85,700,37112628,2019-10-03,37112.628
36292,10:18:42.780000,SELL,9.84,200,37122780,2019-10-03,37122.78
36296,10:18:42.780000,SELL,9.84,43,37122780,2019-10-03,37122.78
36298,10:18:42.780000,SELL,9.84,57,37122780,2019-10-03,37122.78
36532,10:19:01.446000,SELL,9.85,500,37141446,2019-10-03,37141.446
36536,10:19:01.446000,SELL,9.85,300,37141446,2019-10-03,37141.446
36538,10:19:01.446000,SELL,9.85,554,37141446,2019-10-03,37141.446
36540,10:19:01.446000,SELL,9.85,6,37141446,2019-10-03,37141.446
36542,10:19:01.446000,SELL,9.85,100,37141446,2019-10-03,37141.446
36544,10:19:01.446000,SELL,9.85,200,37141446,2019-10-03,37141.446
36546,10:19:01.446000,SELL,9.85,730,37141446,2019-10-03,37141.446
36548,10:19:01.446000,SELL,9.85,800,37141446,2019-10-03,37141.446
36550,10:19:01.446000,SELL,9.85,100,37141446,2019-10-03,37141.446
37193,10:19:36.070000,SELL,9.86,436,37176070,2019-10-03,37176.07
37027,10:19:32.747000,BUY,9.86,400,37172747,2019-10-03,37172.747
38169,10:20:41.782000,SELL,9.84,95,37241782,2019-10-03,37241.782
38187,10:20:41.830000,SELL,9.84,91,37241830,2019-10-03,37241.83
38380,10:21:06.292000,BUY,9.85,483,37266292,2019-10-03,37266.292
38384,10:21:06.292000,BUY,9.85,300,37266292,2019-10-03,37266.292
38483,10:21:06.792000,SELL,9.85,300,37266792,2019-10-03,37266.792
38612,10:21:14.263000,SELL,9.85,400,37274263,2019-10-03,37274.263
38614,10:21:14.263000,SELL,9.85,100,37274263,2019-10-03,37274.263
38616,10:21:14.263000,SELL,9.85,100,37274263,2019-10-03,37274.263
38618,10:21:14.263000,SELL,9.85,100,37274263,2019-10-03,37274.263
38620,10:21:14.263000,SELL,9.85,600,37274263,2019-10-03,37274.263
38786,10:21:22.261000,SELL,9.84,200,37282261,2019-10-03,37282.261
38790,10:21:22.261000,SELL,9.84,100,37282261,2019-10-03,37282.261
38820,10:21:26.575000,SELL,9.84,716,37286575,2019-10-03,37286.575
39723,10:22:45.405000,BUY,9.85,2,37365405,2019-10-03,37365.405
39841,10:22:52.162000,SELL,9.85,100,37372162,2019-10-03,37372.162
39843,10:22:52.162000,SELL,9.85,100,37372162,2019-10-03,37372.162
39845,10:22:52.162000,SELL,9.85,100,37372162,2019-10-03,37372.162
39847,10:22:52.162000,SELL,9.85,200,37372162,2019-10-03,37372.162
39849,10:22:52.162000,SELL,9.85,200,37372162,2019-10-03,37372.162
39851,10:22:52.162000,SELL,9.85,222,37372162,2019-10-03,37372.162
39907,10:22:52.163000,SELL,9.85,200,37372163,2019-10-03,37372.163
39931,10:22:52.164000,SELL,9.85,272,37372164,2019-10-03,37372.164
39954,10:22:52.164000,SELL,9.85,28,37372164,2019-10-03,37372.164
39987,10:22:52.164000,BUY,9.85,200,37372164,2019-10-03,37372.164
39989,10:22:52.164000,BUY,9.85,100,37372164,2019-10-03,37372.164
39991,10:22:52.164000,BUY,9.85,100,37372164,2019-10-03,37372.164
39993,10:22:52.164000,BUY,9.85,100,37372164,2019-10-03,37372.164
39995,10:22:52.164000,BUY,9.85,100,37372164,2019-10-03,37372.164
39997,10:22:52.164000,BUY,9.85,200,37372164,2019-10-03,37372.164
39999,10:22:52.164000,BUY,9.85,300,37372164,2019-10-03,37372.164
40001,10:22:52.164000,BUY,9.85,100,37372164,2019-10-03,37372.164
40003,10:22:52.164000,BUY,9.85,400,37372164,2019-10-03,37372.164
40005,10:22:52.164000,BUY,9.85,200,37372164,2019-10-03,37372.164
40227,10:23:05.025000,SELL,9.85,105,37385025,2019-10-03,37385.025
40231,10:23:05.025000,SELL,9.85,100,37385025,2019-10-03,37385.025
40233,10:23:05.025000,SELL,9.85,100,37385025,2019-10-03,37385.025
40235,10:23:05.025000,SELL,9.85,100,37385025,2019-10-03,37385.025
40237,10:23:05.025000,SELL,9.85,100,37385025,2019-10-03,37385.025
40695,10:23:32.963000,BUY,9.86,400,37412963,2019-10-03,37412.963
40699,10:23:32.963000,BUY,9.86,2,37412963,2019-10-03,37412.963
40701,10:23:32.963000,BUY,9.86,100,37412963,2019-10-03,37412.963
41150,10:24:02.331000,SELL,9.87,200,37442331,2019-10-03,37442.331
41154,10:24:02.331000,SELL,9.87,300,37442331,2019-10-03,37442.331
41156,10:24:02.331000,SELL,9.87,100,37442331,2019-10-03,37442.331
41158,10:24:02.331000,SELL,9.87,100,37442331,2019-10-03,37442.331
41221,10:24:02.331000,SELL,9.86,100,37442331,2019-10-03,37442.331
41530,10:24:43.324000,SELL,9.87,300,37483324,2019-10-03,37483.324
41275,10:24:04.334000,BUY,9.87,1,37444334,2019-10-03,37444.334
41732,10:25:06.889000,SELL,9.86,100,37506889,2019-10-03,37506.889
41734,10:25:06.889000,SELL,9.86,200,37506889,2019-10-03,37506.889
41736,10:25:06.889000,SELL,9.86,100,37506889,2019-10-03,37506.889
41738,10:25:06.889000,SELL,9.86,100,37506889,2019-10-03,37506.889
41740,10:25:06.889000,SELL,9.86,40,37506889,2019-10-03,37506.889
41742,10:25:06.889000,SELL,9.86,100,37506889,2019-10-03,37506.889
41953,10:25:20.625000,BUY,9.86,380,37520625,2019-10-03,37520.625
42509,10:26:17.683000,BUY,9.88,25,37577683,2019-10-03,37577.683
42511,10:26:17.684000,BUY,9.88,77,37577684,2019-10-03,37577.684
42556,10:26:17.696000,SELL,9.88,500,37577696,2019-10-03,37577.696
42529,10:26:17.690000,BUY,9.88,100,37577690,2019-10-03,37577.69
42560,10:26:17.696000,SELL,9.88,100,37577696,2019-10-03,37577.696
42562,10:26:17.696000,SELL,9.88,100,37577696,2019-10-03,37577.696
42564,10:26:17.696000,SELL,9.88,100,37577696,2019-10-03,37577.696
42566,10:26:17.696000,SELL,9.88,100,37577696,2019-10-03,37577.696
42568,10:26:17.696000,SELL,9.87,100,37577696,2019-10-03,37577.696
42570,10:26:17.696000,SELL,9.87,100,37577696,2019-10-03,37577.696
42572,10:26:17.696000,SELL,9.87,41,37577696,2019-10-03,37577.696
42577,10:26:17.697000,BUY,9.89,418,37577697,2019-10-03,37577.697
42585,10:26:17.698000,BUY,9.89,182,37577698,2019-10-03,37577.698
42589,10:26:17.698000,BUY,9.89,100,37577698,2019-10-03,37577.698
42833,10:26:19.693000,SELL,9.89,200,37579693,2019-10-03,37579.693
43244,10:26:35.040000,BUY,9.89,200,37595040,2019-10-03,37595.04
43248,10:26:35.040000,BUY,9.89,300,37595040,2019-10-03,37595.04
43250,10:26:35.040000,BUY,9.89,2,37595040,2019-10-03,37595.04
43686,10:26:56.018000,SELL,9.89,100,37616018,2019-10-03,37616.018
43382,10:26:37.133000,BUY,9.9,500,37597133,2019-10-03,37597.133
44051,10:27:22.819000,BUY,9.89,100,37642819,2019-10-03,37642.819
44131,10:27:23.514000,SELL,9.89,200,37643514,2019-10-03,37643.514
44193,10:27:26.868000,BUY,9.9,200,37646868,2019-10-03,37646.868
44197,10:27:26.868000,BUY,9.9,100,37646868,2019-10-03,37646.868
44573,10:27:43.389000,BUY,9.91,202,37663389,2019-10-03,37663.389
44696,10:27:43.723000,BUY,9.92,100,37663723,2019-10-03,37663.723
44809,10:27:44.879000,SELL,9.92,100,37664879,2019-10-03,37664.879
44816,10:27:44.879000,SELL,9.92,400,37664879,2019-10-03,37664.879
44818,10:27:44.879000,SELL,9.92,49,37664879,2019-10-03,37664.879
44999,10:27:50.500000,SELL,9.91,200,37670500,2019-10-03,37670.5
45003,10:27:50.500000,SELL,9.91,100,37670500,2019-10-03,37670.5
45086,10:27:50.513000,BUY,9.91,400,37670513,2019-10-03,37670.513
45090,10:27:50.513000,BUY,9.91,100,37670513,2019-10-03,37670.513
45092,10:27:50.513000,BUY,9.91,100,37670513,2019-10-03,37670.513
45094,10:27:50.513000,BUY,9.91,500,37670513,2019-10-03,37670.513
45096,10:27:50.513000,BUY,9.91,100,37670513,2019-10-03,37670.513
45098,10:27:50.513000,BUY,9.91,400,37670513,2019-10-03,37670.513
45199,10:27:55.029000,SELL,9.91,500,37675029,2019-10-03,37675.029
45203,10:27:55.029000,SELL,9.91,100,37675029,2019-10-03,37675.029
45205,10:27:55.029000,SELL,9.91,100,37675029,2019-10-03,37675.029
45319,10:27:56.348000,SELL,9.9,102,37676348,2019-10-03,37676.348
45323,10:27:56.348000,SELL,9.9,200,37676348,2019-10-03,37676.348
45825,10:28:31.067000,SELL,9.9,200,37711067,2019-10-03,37711.067
45829,10:28:31.067000,SELL,9.9,100,37711067,2019-10-03,37711.067
45831,10:28:31.067000,SELL,9.9,200,37711067,2019-10-03,37711.067
46806,10:30:26.861000,SELL,9.89,110,37826861,2019-10-03,37826.861
46455,10:29:37.951000,BUY,9.9,125,37777951,2019-10-03,37777.951
46810,10:30:26.861000,SELL,9.89,100,37826861,2019-10-03,37826.861
46812,10:30:26.861000,SELL,9.89,100,37826861,2019-10-03,37826.861
46814,10:30:26.861000,SELL,9.89,100,37826861,2019-10-03,37826.861
47090,10:30:36.936000,SELL,9.89,200,37836936,2019-10-03,37836.936
47714,10:31:32.373000,SELL,9.89,500,37892373,2019-10-03,37892.373
47481,10:31:09.533000,BUY,9.89,2,37869533,2019-10-03,37869.533
47747,10:31:32.374000,SELL,9.89,300,37892374,2019-10-03,37892.374
48574,10:32:43.384000,SELL,9.87,700,37963384,2019-10-03,37963.384
49457,10:33:57.190000,SELL,9.86,100,38037190,2019-10-03,38037.19
49459,10:33:57.190000,SELL,9.86,100,38037190,2019-10-03,38037.19
49461,10:33:57.190000,SELL,9.86,100,38037190,2019-10-03,38037.19
49463,10:33:57.190000,SELL,9.86,100,38037190,2019-10-03,38037.19
49465,10:33:57.190000,SELL,9.86,100,38037190,2019-10-03,38037.19
49897,10:34:29.515000,SELL,9.86,107,38069515,2019-10-03,38069.515
49616,10:34:10.075000,BUY,9.86,328,38050075,2019-10-03,38050.075
49901,10:34:29.515000,SELL,9.86,200,38069515,2019-10-03,38069.515
49903,10:34:29.515000,SELL,9.86,200,38069515,2019-10-03,38069.515
49905,10:34:29.515000,SELL,9.86,100,38069515,2019-10-03,38069.515
49907,10:34:29.515000,SELL,9.86,100,38069515,2019-10-03,38069.515
49909,10:34:29.515000,SELL,9.86,200,38069515,2019-10-03,38069.515
50020,10:34:37.966000,SELL,9.86,1310,38077966,2019-10-03,38077.966
50113,10:34:39.652000,BUY,9.86,2,38079652,2019-10-03,38079.652
50486,10:35:05.428000,SELL,9.86,53,38105428,2019-10-03,38105.428
50490,10:35:05.428000,SELL,9.86,100,38105428,2019-10-03,38105.428
50492,10:35:05.428000,SELL,9.86,200,38105428,2019-10-03,38105.428
50494,10:35:05.428000,SELL,9.86,53,38105428,2019-10-03,38105.428
50496,10:35:05.428000,SELL,9.86,100,38105428,2019-10-03,38105.428
50549,10:35:05.439000,SELL,9.85,400,38105439,2019-10-03,38105.439
50553,10:35:05.439000,SELL,9.85,100,38105439,2019-10-03,38105.439
50555,10:35:05.439000,SELL,9.85,100,38105439,2019-10-03,38105.439
50557,10:35:05.439000,SELL,9.85,200,38105439,2019-10-03,38105.439
50559,10:35:05.439000,SELL,9.85,400,38105439,2019-10-03,38105.439
50561,10:35:05.439000,SELL,9.85,200,38105439,2019-10-03,38105.439
50563,10:35:05.439000,SELL,9.85,100,38105439,2019-10-03,38105.439
50565,10:35:05.439000,SELL,9.85,100,38105439,2019-10-03,38105.439
50567,10:35:05.439000,SELL,9.85,100,38105439,2019-10-03,38105.439
50569,10:35:05.439000,SELL,9.85,100,38105439,2019-10-03,38105.439
50571,10:35:05.439000,SELL,9.85,100,38105439,2019-10-03,38105.439
50573,10:35:05.439000,SELL,9.85,100,38105439,2019-10-03,38105.439
50575,10:35:05.439000,SELL,9.85,100,38105439,2019-10-03,38105.439
50577,10:35:05.439000,SELL,9.85,2,38105439,2019-10-03,38105.439
50579,10:35:05.439000,SELL,9.85,3,38105439,2019-10-03,38105.439
50581,10:35:05.439000,SELL,9.85,400,38105439,2019-10-03,38105.439
50583,10:35:05.439000,SELL,9.85,860,38105439,2019-10-03,38105.439
50677,10:35:08.237000,SELL,9.84,400,38108237,2019-10-03,38108.237
50681,10:35:08.237000,SELL,9.84,100,38108237,2019-10-03,38108.237
50683,10:35:08.237000,SELL,9.84,100,38108237,2019-10-03,38108.237
50685,10:35:08.237000,SELL,9.84,100,38108237,2019-10-03,38108.237
50687,10:35:08.237000,SELL,9.84,400,38108237,2019-10-03,38108.237
50689,10:35:08.237000,SELL,9.84,200,38108237,2019-10-03,38108.237
51018,10:35:24.287000,SELL,9.84,300,38124287,2019-10-03,38124.287
51426,10:36:16.918000,BUY,9.85,1200,38176918,2019-10-03,38176.918
51430,10:36:16.918000,BUY,9.85,100,38176918,2019-10-03,38176.918
51432,10:36:16.918000,BUY,9.85,3,38176918,2019-10-03,38176.918
51434,10:36:16.918000,BUY,9.85,100,38176918,2019-10-03,38176.918
51436,10:36:16.918000,BUY,9.85,100,38176918,2019-10-03,38176.918
51438,10:36:16.918000,BUY,9.85,84,38176918,2019-10-03,38176.918
51440,10:36:16.918000,BUY,9.85,100,38176918,2019-10-03,38176.918
51673,10:36:32.783000,SELL,9.85,200,38192783,2019-10-03,38192.783
51677,10:36:32.783000,SELL,9.85,100,38192783,2019-10-03,38192.783
51679,10:36:32.783000,SELL,9.85,100,38192783,2019-10-03,38192.783
51681,10:36:32.783000,SELL,9.85,100,38192783,2019-10-03,38192.783
51683,10:36:32.783000,SELL,9.85,100,38192783,2019-10-03,38192.783
51685,10:36:32.783000,SELL,9.85,100,38192783,2019-10-03,38192.783
51687,10:36:32.783000,SELL,9.85,100,38192783,2019-10-03,38192.783
51689,10:36:32.783000,SELL,9.85,200,38192783,2019-10-03,38192.783
51734,10:36:32.788000,SELL,9.85,200,38192788,2019-10-03,38192.788
51738,10:36:32.788000,SELL,9.85,100,38192788,2019-10-03,38192.788
51740,10:36:32.788000,SELL,9.85,100,38192788,2019-10-03,38192.788
51762,10:36:32.791000,SELL,9.85,200,38192791,2019-10-03,38192.791
51853,10:36:33.395000,BUY,9.85,500,38193395,2019-10-03,38193.395
51857,10:36:33.395000,BUY,9.85,300,38193395,2019-10-03,38193.395
52204,10:36:59.245000,SELL,9.85,1300,38219245,2019-10-03,38219.245
52208,10:36:59.245000,SELL,9.85,553,38219245,2019-10-03,38219.245
52210,10:36:59.245000,SELL,9.85,95,38219245,2019-10-03,38219.245
52212,10:36:59.245000,SELL,9.85,100,38219245,2019-10-03,38219.245
52306,10:37:10.015000,SELL,9.85,200,38230015,2019-10-03,38230.015
52512,10:37:35.116000,SELL,9.84,300,38255116,2019-10-03,38255.116
52749,10:37:56.676000,SELL,9.83,100,38276676,2019-10-03,38276.676
52751,10:37:56.676000,SELL,9.83,100,38276676,2019-10-03,38276.676
52753,10:37:56.676000,SELL,9.83,200,38276676,2019-10-03,38276.676
52755,10:37:56.676000,SELL,9.83,200,38276676,2019-10-03,38276.676
52757,10:37:56.676000,SELL,9.83,300,38276676,2019-10-03,38276.676
52800,10:37:59.396000,SELL,9.83,403,38279396,2019-10-03,38279.396
52804,10:37:59.396000,SELL,9.83,197,38279396,2019-10-03,38279.396
52811,10:37:59.396000,SELL,9.83,3,38279396,2019-10-03,38279.396
52937,10:38:03.606000,BUY,9.83,502,38283606,2019-10-03,38283.606
53053,10:38:07.155000,BUY,9.84,200,38287155,2019-10-03,38287.155
53085,10:38:07.156000,SELL,9.83,200,38287156,2019-10-03,38287.156
53102,10:38:07.156000,SELL,9.83,100,38287156,2019-10-03,38287.156
53104,10:38:07.156000,SELL,9.83,100,38287156,2019-10-03,38287.156
53106,10:38:07.156000,BUY,9.84,100,38287156,2019-10-03,38287.156
53108,10:38:07.156000,BUY,9.84,43,38287156,2019-10-03,38287.156
53110,10:38:07.156000,BUY,9.84,400,38287156,2019-10-03,38287.156
53112,10:38:07.156000,BUY,9.84,100,38287156,2019-10-03,38287.156
53114,10:38:07.156000,BUY,9.84,100,38287156,2019-10-03,38287.156
53116,10:38:07.156000,BUY,9.84,400,38287156,2019-10-03,38287.156
53118,10:38:07.156000,BUY,9.84,100,38287156,2019-10-03,38287.156
53120,10:38:07.156000,BUY,9.84,200,38287156,2019-10-03,38287.156
53122,10:38:07.156000,BUY,9.84,100,38287156,2019-10-03,38287.156
53124,10:38:07.156000,BUY,9.84,57,38287156,2019-10-03,38287.156
53132,10:38:07.157000,SELL,9.83,200,38287157,2019-10-03,38287.157
53147,10:38:07.157000,BUY,9.84,43,38287157,2019-10-03,38287.157
53149,10:38:07.157000,BUY,9.84,157,38287157,2019-10-03,38287.157
53533,10:38:25.916000,SELL,9.85,200,38305916,2019-10-03,38305.916
53537,10:38:25.916000,SELL,9.85,100,38305916,2019-10-03,38305.916
53539,10:38:25.916000,SELL,9.85,400,38305916,2019-10-03,38305.916
53541,10:38:25.916000,SELL,9.85,700,38305916,2019-10-03,38305.916
53543,10:38:25.916000,SELL,9.85,200,38305916,2019-10-03,38305.916
53545,10:38:25.916000,SELL,9.85,400,38305916,2019-10-03,38305.916
53547,10:38:25.916000,SELL,9.85,400,38305916,2019-10-03,38305.916
53581,10:38:25.918000,SELL,9.85,300,38305918,2019-10-03,38305.918
53653,10:38:30.503000,SELL,9.84,100,38310503,2019-10-03,38310.503
53655,10:38:30.503000,SELL,9.84,100,38310503,2019-10-03,38310.503
53657,10:38:30.503000,SELL,9.84,400,38310503,2019-10-03,38310.503
53659,10:38:30.503000,SELL,9.84,4,38310503,2019-10-03,38310.503
54021,10:40:29.059000,SELL,9.83,400,38429059,2019-10-03,38429.059
54025,10:40:29.059000,SELL,9.83,14,38429059,2019-10-03,38429.059
54027,10:40:29.059000,SELL,9.83,100,38429059,2019-10-03,38429.059
54165,10:40:36.192000,SELL,9.82,108,38436192,2019-10-03,38436.192
54169,10:40:36.192000,SELL,9.82,200,38436192,2019-10-03,38436.192
54374,10:40:50.037000,SELL,9.81,102,38450037,2019-10-03,38450.037
54378,10:40:50.037000,SELL,9.81,100,38450037,2019-10-03,38450.037
54380,10:40:50.037000,SELL,9.81,5,38450037,2019-10-03,38450.037
54548,10:41:07.099000,SELL,9.81,500,38467099,2019-10-03,38467.099
54552,10:41:07.099000,SELL,9.81,100,38467099,2019-10-03,38467.099
54554,10:41:07.099000,SELL,9.81,200,38467099,2019-10-03,38467.099
54599,10:41:09.712000,SELL,9.81,200,38469712,2019-10-03,38469.712
54603,10:41:09.712000,SELL,9.81,100,38469712,2019-10-03,38469.712
54605,10:41:09.712000,SELL,9.81,200,38469712,2019-10-03,38469.712
54607,10:41:09.712000,SELL,9.81,100,38469712,2019-10-03,38469.712
54885,10:41:31.564000,SELL,9.81,405,38491564,2019-10-03,38491.564
54821,10:41:23.382000,BUY,9.82,900,38483382,2019-10-03,38483.382
54889,10:41:31.564000,SELL,9.81,95,38491564,2019-10-03,38491.564
54895,10:41:31.564000,SELL,9.81,5,38491564,2019-10-03,38491.564
54918,10:41:31.564000,SELL,9.81,1,38491564,2019-10-03,38491.564
54922,10:41:31.564000,SELL,9.81,1,38491564,2019-10-03,38491.564
54932,10:41:31.564000,SELL,9.81,198,38491564,2019-10-03,38491.564
54976,10:41:31.564000,BUY,9.81,100,38491564,2019-10-03,38491.564
55357,10:42:20.402000,SELL,9.81,800,38540402,2019-10-03,38540.402
55192,10:42:04.846000,BUY,9.81,600,38524846,2019-10-03,38524.846
55361,10:42:20.402000,SELL,9.81,100,38540402,2019-10-03,38540.402
55363,10:42:20.402000,SELL,9.81,500,38540402,2019-10-03,38540.402
55365,10:42:20.402000,SELL,9.81,200,38540402,2019-10-03,38540.402
55367,10:42:20.402000,SELL,9.81,5,38540402,2019-10-03,38540.402
55369,10:42:20.402000,SELL,9.81,100,38540402,2019-10-03,38540.402
55530,10:42:32.051000,SELL,9.8,300,38552051,2019-10-03,38552.051
55534,10:42:32.051000,SELL,9.8,3,38552051,2019-10-03,38552.051
55536,10:42:32.051000,SELL,9.8,300,38552051,2019-10-03,38552.051
55538,10:42:32.051000,SELL,9.79,300,38552051,2019-10-03,38552.051
55540,10:42:32.051000,SELL,9.79,200,38552051,2019-10-03,38552.051
55542,10:42:32.051000,SELL,9.79,100,38552051,2019-10-03,38552.051
55544,10:42:32.051000,SELL,9.79,99,38552051,2019-10-03,38552.051
56666,10:45:02.362000,SELL,9.79,136,38702362,2019-10-03,38702.362
56855,10:45:21.406000,BUY,9.79,1140,38721406,2019-10-03,38721.406
57203,10:46:08.359000,BUY,9.8,60,38768359,2019-10-03,38768.359
57205,10:46:08.359000,BUY,9.8,100,38768359,2019-10-03,38768.359
57207,10:46:08.359000,BUY,9.8,268,38768359,2019-10-03,38768.359
57212,10:46:08.359000,BUY,9.8,47,38768359,2019-10-03,38768.359
57217,10:46:08.359000,BUY,9.8,85,38768359,2019-10-03,38768.359
57219,10:46:08.359000,BUY,9.8,100,38768359,2019-10-03,38768.359
57221,10:46:08.359000,BUY,9.8,900,38768359,2019-10-03,38768.359
57657,10:46:46.914000,SELL,9.8,200,38806914,2019-10-03,38806.914
57661,10:46:46.914000,SELL,9.8,100,38806914,2019-10-03,38806.914
57904,10:47:07.032000,SELL,9.79,530,38827032,2019-10-03,38827.032
57909,10:47:07.032000,SELL,9.79,570,38827032,2019-10-03,38827.032
57911,10:47:07.032000,SELL,9.79,100,38827032,2019-10-03,38827.032
57913,10:47:07.032000,SELL,9.79,100,38827032,2019-10-03,38827.032
57915,10:47:07.032000,SELL,9.79,100,38827032,2019-10-03,38827.032
58007,10:47:07.033000,SELL,9.78,652,38827033,2019-10-03,38827.033
58011,10:47:07.033000,SELL,9.78,311,38827033,2019-10-03,38827.033
58013,10:47:07.033000,SELL,9.78,100,38827033,2019-10-03,38827.033
58015,10:47:07.033000,SELL,9.78,100,38827033,2019-10-03,38827.033
58017,10:47:07.033000,SELL,9.78,100,38827033,2019-10-03,38827.033
58019,10:47:07.033000,SELL,9.78,100,38827033,2019-10-03,38827.033
58021,10:47:07.033000,SELL,9.78,100,38827033,2019-10-03,38827.033
58023,10:47:07.033000,SELL,9.78,100,38827033,2019-10-03,38827.033
58083,10:47:07.035000,BUY,9.78,900,38827035,2019-10-03,38827.035
58087,10:47:07.035000,BUY,9.78,100,38827035,2019-10-03,38827.035
58089,10:47:07.035000,BUY,9.78,100,38827035,2019-10-03,38827.035
58091,10:47:07.035000,BUY,9.78,100,38827035,2019-10-03,38827.035
58093,10:47:07.035000,BUY,9.78,600,38827035,2019-10-03,38827.035
58095,10:47:07.035000,BUY,9.78,400,38827035,2019-10-03,38827.035
58150,10:47:07.046000,SELL,9.78,900,38827046,2019-10-03,38827.046
58154,10:47:07.046000,SELL,9.78,100,38827046,2019-10-03,38827.046
58156,10:47:07.046000,SELL,9.78,100,38827046,2019-10-03,38827.046
58158,10:47:07.046000,SELL,9.78,400,38827046,2019-10-03,38827.046
58160,10:47:07.046000,SELL,9.78,100,38827046,2019-10-03,38827.046
58302,10:47:13.718000,SELL,9.77,500,38833718,2019-10-03,38833.718
58306,10:47:13.718000,SELL,9.77,400,38833718,2019-10-03,38833.718
58308,10:47:13.718000,SELL,9.77,2,38833718,2019-10-03,38833.718
58470,10:47:20.276000,BUY,9.77,600,38840276,2019-10-03,38840.276
58680,10:48:02.683000,SELL,9.77,15,38882683,2019-10-03,38882.683
58689,10:48:02.683000,SELL,9.77,87,38882683,2019-10-03,38882.683
58691,10:48:02.683000,SELL,9.77,100,38882683,2019-10-03,38882.683
58693,10:48:02.683000,SELL,9.77,85,38882683,2019-10-03,38882.683
58695,10:48:02.683000,SELL,9.77,15,38882683,2019-10-03,38882.683
58827,10:48:04.706000,BUY,9.77,500,38884706,2019-10-03,38884.706
59138,10:48:34.857000,SELL,9.77,300,38914857,2019-10-03,38914.857
59142,10:48:34.857000,SELL,9.77,100,38914857,2019-10-03,38914.857
59384,10:48:55.779000,BUY,9.77,1000,38935779,2019-10-03,38935.779
59388,10:48:55.779000,BUY,9.77,100,38935779,2019-10-03,38935.779
59390,10:48:55.779000,BUY,9.77,300,38935779,2019-10-03,38935.779
59756,10:49:33.452000,SELL,9.76,200,38973452,2019-10-03,38973.452
59760,10:49:33.452000,SELL,9.76,100,38973452,2019-10-03,38973.452
60040,10:50:02.241000,BUY,9.76,100,39002241,2019-10-03,39002.241
60044,10:50:02.241000,BUY,9.76,100,39002241,2019-10-03,39002.241
60392,10:50:39.770000,SELL,9.76,601,39039770,2019-10-03,39039.77
60963,10:52:02.023000,SELL,9.75,200,39122023,2019-10-03,39122.023
60544,10:50:40.419000,BUY,9.76,238,39040419,2019-10-03,39040.419
60967,10:52:02.023000,SELL,9.75,200,39122023,2019-10-03,39122.023
60969,10:52:02.023000,SELL,9.75,100,39122023,2019-10-03,39122.023
60971,10:52:02.023000,SELL,9.75,100,39122023,2019-10-03,39122.023
61528,10:53:18.482000,SELL,9.75,200,39198482,2019-10-03,39198.482
61367,10:52:53.300000,BUY,9.75,100,39173300,2019-10-03,39173.3
61747,10:53:45.046000,SELL,9.74,100,39225046,2019-10-03,39225.046
61950,10:54:06.973000,BUY,9.75,288,39246973,2019-10-03,39246.973
62335,10:55:10.645000,BUY,9.76,312,39310645,2019-10-03,39310.645
62337,10:55:10.645000,BUY,9.76,16,39310645,2019-10-03,39310.645
62347,10:55:10.646000,BUY,9.76,184,39310646,2019-10-03,39310.646
62688,10:55:57.952000,BUY,9.77,101,39357952,2019-10-03,39357.952
62719,10:55:57.953000,BUY,9.77,299,39357953,2019-10-03,39357.953
62752,10:56:00.013000,BUY,9.77,1,39360013,2019-10-03,39360.013
63053,10:56:20.367000,SELL,9.78,400,39380367,2019-10-03,39380.367
62926,10:56:15.144000,BUY,9.78,200,39375144,2019-10-03,39375.144
63057,10:56:20.367000,SELL,9.78,100,39380367,2019-10-03,39380.367
63059,10:56:20.367000,SELL,9.78,654,39380367,2019-10-03,39380.367
63061,10:56:20.367000,SELL,9.78,400,39380367,2019-10-03,39380.367
63063,10:56:20.367000,SELL,9.78,100,39380367,2019-10-03,39380.367
63065,10:56:20.367000,SELL,9.78,100,39380367,2019-10-03,39380.367
63312,10:56:42.737000,SELL,9.77,1052,39402737,2019-10-03,39402.737
63368,10:56:42.738000,SELL,9.77,200,39402738,2019-10-03,39402.738
63372,10:56:42.738000,SELL,9.77,100,39402738,2019-10-03,39402.738
63374,10:56:42.738000,SELL,9.77,200,39402738,2019-10-03,39402.738
64034,10:58:11.264000,BUY,9.78,313,39491264,2019-10-03,39491.264
64292,10:58:36.459000,BUY,9.79,900,39516459,2019-10-03,39516.459
64296,10:58:36.459000,BUY,9.79,100,39516459,2019-10-03,39516.459
64298,10:58:36.459000,BUY,9.79,100,39516459,2019-10-03,39516.459
64300,10:58:36.459000,BUY,9.79,200,39516459,2019-10-03,39516.459
64322,10:58:36.459000,BUY,9.79,100,39516459,2019-10-03,39516.459
64678,10:59:36.788000,BUY,9.8,500,39576788,2019-10-03,39576.788
65006,11:00:00.450000,SELL,9.8,200,39600450,2019-10-03,39600.45
65010,11:00:00.450000,SELL,9.8,100,39600450,2019-10-03,39600.45
65138,11:00:07.178000,BUY,9.8,600,39607178,2019-10-03,39607.178
65142,11:00:07.178000,BUY,9.8,100,39607178,2019-10-03,39607.178
65144,11:00:07.178000,BUY,9.8,300,39607178,2019-10-03,39607.178
65150,11:00:07.178000,BUY,9.8,100,39607178,2019-10-03,39607.178
65420,11:00:31.769000,BUY,9.81,200,39631769,2019-10-03,39631.769
65435,11:00:31.769000,BUY,9.81,1,39631769,2019-10-03,39631.769
65452,11:00:31.771000,BUY,9.81,305,39631771,2019-10-03,39631.771
66784,11:02:35.270000,SELL,9.84,300,39755270,2019-10-03,39755.27
66577,11:02:08.867000,BUY,9.85,100,39728867,2019-10-03,39728.867
66788,11:02:35.270000,SELL,9.84,100,39755270,2019-10-03,39755.27
66790,11:02:35.270000,SELL,9.84,1,39755270,2019-10-03,39755.27
66825,11:02:35.270000,SELL,9.84,89,39755270,2019-10-03,39755.27
66844,11:02:35.272000,SELL,9.84,100,39755272,2019-10-03,39755.272
66853,11:02:35.272000,SELL,9.84,11,39755272,2019-10-03,39755.272
67053,11:03:01.895000,BUY,9.84,400,39781895,2019-10-03,39781.895
67427,11:03:47.802000,SELL,9.84,700,39827802,2019-10-03,39827.802
67061,11:03:01.896000,BUY,9.84,100,39781896,2019-10-03,39781.896
67478,11:03:47.803000,SELL,9.84,33,39827803,2019-10-03,39827.803
67626,11:04:03.178000,BUY,9.85,416,39843178,2019-10-03,39843.178
67780,11:04:08.193000,SELL,9.85,1000,39848193,2019-10-03,39848.193
67784,11:04:08.193000,SELL,9.85,100,39848193,2019-10-03,39848.193
67786,11:04:08.193000,SELL,9.85,100,39848193,2019-10-03,39848.193
67788,11:04:08.193000,SELL,9.85,100,39848193,2019-10-03,39848.193
67790,11:04:08.193000,SELL,9.85,400,39848193,2019-10-03,39848.193
67792,11:04:08.193000,SELL,9.85,100,39848193,2019-10-03,39848.193
67794,11:04:08.193000,SELL,9.85,200,39848193,2019-10-03,39848.193
67796,11:04:08.193000,SELL,9.85,200,39848193,2019-10-03,39848.193
67798,11:04:08.193000,SELL,9.85,400,39848193,2019-10-03,39848.193
67800,11:04:08.193000,SELL,9.85,200,39848193,2019-10-03,39848.193
67802,11:04:08.193000,SELL,9.85,2,39848193,2019-10-03,39848.193
67839,11:04:08.194000,SELL,9.85,100,39848194,2019-10-03,39848.194
67956,11:04:18.300000,BUY,9.85,779,39858300,2019-10-03,39858.3
68780,11:05:41.742000,SELL,9.84,200,39941742,2019-10-03,39941.742
68675,11:05:32.272000,BUY,9.85,1,39932272,2019-10-03,39932.272
68821,11:05:41.750000,BUY,9.85,621,39941750,2019-10-03,39941.75
69066,11:06:05.383000,BUY,9.84,400,39965383,2019-10-03,39965.383
69300,11:06:18.665000,SELL,9.84,7,39978665,2019-10-03,39978.665
69561,11:07:01.211000,BUY,9.85,400,40021211,2019-10-03,40021.211
69570,11:07:01.211000,BUY,9.85,300,40021211,2019-10-03,40021.211
69572,11:07:01.211000,BUY,9.85,36,40021211,2019-10-03,40021.211
69577,11:07:01.212000,BUY,9.85,100,40021212,2019-10-03,40021.212
69583,11:07:01.212000,BUY,9.85,264,40021212,2019-10-03,40021.212
69715,11:07:02.265000,BUY,9.86,200,40022265,2019-10-03,40022.265
69719,11:07:02.265000,BUY,9.86,100,40022265,2019-10-03,40022.265
69851,11:07:05.238000,SELL,9.86,703,40025238,2019-10-03,40025.238
69855,11:07:05.238000,SELL,9.86,200,40025238,2019-10-03,40025.238
69857,11:07:05.238000,SELL,9.86,100,40025238,2019-10-03,40025.238
69859,11:07:05.238000,SELL,9.86,1,40025238,2019-10-03,40025.238
69861,11:07:05.238000,SELL,9.86,100,40025238,2019-10-03,40025.238
70120,11:07:14.535000,SELL,9.85,701,40034535,2019-10-03,40034.535
70124,11:07:14.535000,SELL,9.85,1,40034535,2019-10-03,40034.535
70126,11:07:14.535000,SELL,9.85,100,40034535,2019-10-03,40034.535
70128,11:07:14.535000,SELL,9.85,100,40034535,2019-10-03,40034.535
70130,11:07:14.535000,SELL,9.85,300,40034535,2019-10-03,40034.535
70132,11:07:14.535000,SELL,9.85,100,40034535,2019-10-03,40034.535
70134,11:07:14.535000,SELL,9.85,100,40034535,2019-10-03,40034.535
70136,11:07:14.535000,SELL,9.85,100,40034535,2019-10-03,40034.535
70138,11:07:14.535000,SELL,9.85,100,40034535,2019-10-03,40034.535
70219,11:07:14.546000,BUY,9.85,1300,40034546,2019-10-03,40034.546
70223,11:07:14.546000,BUY,9.85,100,40034546,2019-10-03,40034.546
70225,11:07:14.546000,BUY,9.85,100,40034546,2019-10-03,40034.546
70227,11:07:14.546000,BUY,9.85,500,40034546,2019-10-03,40034.546
70229,11:07:14.546000,BUY,9.85,100,40034546,2019-10-03,40034.546
70231,11:07:14.546000,BUY,9.85,366,40034546,2019-10-03,40034.546
70309,11:07:14.555000,BUY,9.86,300,40034555,2019-10-03,40034.555
70324,11:07:14.555000,BUY,9.86,100,40034555,2019-10-03,40034.555
70439,11:07:26.748000,BUY,9.86,900,40046748,2019-10-03,40046.748
70696,11:07:43.096000,SELL,9.86,900,40063096,2019-10-03,40063.096
70700,11:07:43.096000,SELL,9.86,100,40063096,2019-10-03,40063.096
70702,11:07:43.096000,SELL,9.86,100,40063096,2019-10-03,40063.096
70704,11:07:43.096000,SELL,9.86,200,40063096,2019-10-03,40063.096
70740,11:07:43.096000,SELL,9.86,100,40063096,2019-10-03,40063.096
70742,11:07:43.096000,SELL,9.86,200,40063096,2019-10-03,40063.096
70744,11:07:43.096000,SELL,9.86,100,40063096,2019-10-03,40063.096
70908,11:07:48.001000,SELL,9.85,489,40068001,2019-10-03,40068.001
70931,11:07:48.079000,SELL,9.85,1111,40068079,2019-10-03,40068.079
70943,11:07:48.103000,SELL,9.85,100,40068103,2019-10-03,40068.103
70945,11:07:48.103000,SELL,9.85,100,40068103,2019-10-03,40068.103
70947,11:07:48.103000,SELL,9.85,400,40068103,2019-10-03,40068.103
70949,11:07:48.103000,SELL,9.85,100,40068103,2019-10-03,40068.103
70951,11:07:48.103000,SELL,9.85,99,40068103,2019-10-03,40068.103
70965,11:07:48.103000,SELL,9.85,1,40068103,2019-10-03,40068.103
70967,11:07:48.103000,SELL,9.85,29,40068103,2019-10-03,40068.103
70969,11:07:48.103000,SELL,9.85,1,40068103,2019-10-03,40068.103
71063,11:07:48.944000,SELL,9.85,600,40068944,2019-10-03,40068.944
71190,11:07:53.722000,BUY,9.86,248,40073722,2019-10-03,40073.722
71502,11:08:36.499000,BUY,9.86,439,40116499,2019-10-03,40116.499
71505,11:08:36.499000,BUY,9.86,100,40116499,2019-10-03,40116.499
71514,11:08:36.499000,BUY,9.86,13,40116499,2019-10-03,40116.499
71661,11:08:38.841000,BUY,9.87,200,40118841,2019-10-03,40118.841
71665,11:08:38.841000,BUY,9.87,100,40118841,2019-10-03,40118.841
71913,11:08:49.800000,SELL,9.87,900,40129800,2019-10-03,40129.8
72133,11:09:04.414000,SELL,9.86,101,40144414,2019-10-03,40144.414
72149,11:09:04.415000,SELL,9.86,199,40144415,2019-10-03,40144.415
72153,11:09:04.415000,SELL,9.86,100,40144415,2019-10-03,40144.415
72212,11:09:04.421000,BUY,9.86,307,40144421,2019-10-03,40144.421
72243,11:09:04.429000,BUY,9.86,398,40144429,2019-10-03,40144.429
72245,11:09:04.429000,BUY,9.86,500,40144429,2019-10-03,40144.429
72274,11:09:04.430000,BUY,9.87,288,40144430,2019-10-03,40144.43
72520,11:09:19.964000,BUY,9.87,59,40159964,2019-10-03,40159.964
72616,11:09:50.799000,BUY,9.87,200,40190799,2019-10-03,40190.799
72626,11:09:50.800000,BUY,9.87,100,40190800,2019-10-03,40190.8
72628,11:09:50.800000,BUY,9.87,100,40190800,2019-10-03,40190.8
72647,11:09:50.800000,BUY,9.87,1,40190800,2019-10-03,40190.8
72815,11:10:08.799000,SELL,9.86,1100,40208799,2019-10-03,40208.799
72819,11:10:08.799000,SELL,9.86,100,40208799,2019-10-03,40208.799
73040,11:10:14.759000,SELL,9.85,500,40214759,2019-10-03,40214.759
73033,11:10:14.748000,BUY,9.86,83,40214748,2019-10-03,40214.748
74579,11:12:56.986000,SELL,9.86,100,40376986,2019-10-03,40376.986
74608,11:12:56.986000,SELL,9.86,200,40376986,2019-10-03,40376.986
74624,11:12:56.987000,SELL,9.86,100,40376987,2019-10-03,40376.987
75530,11:15:30.891000,BUY,9.86,202,40530891,2019-10-03,40530.891
75564,11:15:30.940000,BUY,9.86,199,40530940,2019-10-03,40530.94
75683,11:15:32.318000,BUY,9.87,600,40532318,2019-10-03,40532.318
76518,11:17:05.101000,SELL,9.88,2520,40625101,2019-10-03,40625.101
76234,11:16:25.637000,BUY,9.88,100,40585637,2019-10-03,40585.637
76522,11:17:05.101000,SELL,9.88,100,40625101,2019-10-03,40625.101
76524,11:17:05.101000,SELL,9.88,100,40625101,2019-10-03,40625.101
76526,11:17:05.101000,SELL,9.88,100,40625101,2019-10-03,40625.101
76552,11:17:05.101000,SELL,9.88,100,40625101,2019-10-03,40625.101
76602,11:17:05.111000,BUY,9.88,2000,40625111,2019-10-03,40625.111
76656,11:17:05.329000,BUY,9.88,100,40625329,2019-10-03,40625.329
76658,11:17:05.329000,BUY,9.88,100,40625329,2019-10-03,40625.329
76696,11:17:05.347000,BUY,9.89,400,40625347,2019-10-03,40625.347
76700,11:17:05.347000,BUY,9.89,2000,40625347,2019-10-03,40625.347
76702,11:17:05.347000,BUY,9.89,200,40625347,2019-10-03,40625.347
76704,11:17:05.347000,BUY,9.89,1,40625347,2019-10-03,40625.347
76706,11:17:05.347000,BUY,9.89,400,40625347,2019-10-03,40625.347
76708,11:17:05.347000,BUY,9.89,200,40625347,2019-10-03,40625.347
76710,11:17:05.347000,BUY,9.89,100,40625347,2019-10-03,40625.347
76712,11:17:05.347000,BUY,9.89,100,40625347,2019-10-03,40625.347
76714,11:17:05.347000,BUY,9.89,100,40625347,2019-10-03,40625.347
76716,11:17:05.347000,BUY,9.89,99,40625347,2019-10-03,40625.347
76773,11:17:05.349000,BUY,9.89,500,40625349,2019-10-03,40625.349
76855,11:17:05.416000,BUY,9.9,400,40625416,2019-10-03,40625.416
76859,11:17:05.416000,BUY,9.9,100,40625416,2019-10-03,40625.416
76861,11:17:05.416000,BUY,9.9,100,40625416,2019-10-03,40625.416
76897,11:17:05.445000,BUY,9.9,400,40625445,2019-10-03,40625.445
77208,11:17:15.961000,SELL,9.9,700,40635961,2019-10-03,40635.961
76946,11:17:05.807000,BUY,9.9,982,40625807,2019-10-03,40625.807
77212,11:17:15.961000,SELL,9.9,100,40635961,2019-10-03,40635.961
77214,11:17:15.961000,SELL,9.9,100,40635961,2019-10-03,40635.961
77216,11:17:15.961000,SELL,9.9,200,40635961,2019-10-03,40635.961
77218,11:17:15.961000,SELL,9.9,400,40635961,2019-10-03,40635.961
77220,11:17:15.961000,SELL,9.9,1,40635961,2019-10-03,40635.961
77222,11:17:15.961000,SELL,9.9,100,40635961,2019-10-03,40635.961
77298,11:17:15.967000,SELL,9.89,1900,40635967,2019-10-03,40635.967
77302,11:17:15.967000,SELL,9.89,300,40635967,2019-10-03,40635.967
77304,11:17:15.967000,SELL,9.89,1,40635967,2019-10-03,40635.967
77306,11:17:15.967000,SELL,9.89,1,40635967,2019-10-03,40635.967
77308,11:17:15.967000,SELL,9.89,300,40635967,2019-10-03,40635.967
77310,11:17:15.967000,SELL,9.89,100,40635967,2019-10-03,40635.967
77312,11:17:15.967000,SELL,9.89,300,40635967,2019-10-03,40635.967
77314,11:17:15.967000,SELL,9.89,100,40635967,2019-10-03,40635.967
77316,11:17:15.967000,SELL,9.89,100,40635967,2019-10-03,40635.967
77318,11:17:15.967000,SELL,9.89,100,40635967,2019-10-03,40635.967
77381,11:17:15.969000,SELL,9.89,1200,40635969,2019-10-03,40635.969
77385,11:17:15.969000,SELL,9.89,90,40635969,2019-10-03,40635.969
77387,11:17:15.969000,SELL,9.89,100,40635969,2019-10-03,40635.969
77436,11:17:15.971000,BUY,9.89,372,40635971,2019-10-03,40635.971
77530,11:17:16.748000,BUY,9.89,403,40636748,2019-10-03,40636.748
78308,11:19:05.465000,BUY,9.9,698,40745465,2019-10-03,40745.465
78324,11:19:05.465000,BUY,9.9,24,40745465,2019-10-03,40745.465
78326,11:19:05.465000,BUY,9.9,700,40745465,2019-10-03,40745.465
78328,11:19:05.465000,BUY,9.9,500,40745465,2019-10-03,40745.465
78330,11:19:05.465000,BUY,9.9,100,40745465,2019-10-03,40745.465
79444,11:21:18.998000,SELL,9.91,200,40878998,2019-10-03,40878.998
78484,11:19:06.802000,BUY,9.91,104,40746802,2019-10-03,40746.802
79448,11:21:18.998000,SELL,9.91,100,40878998,2019-10-03,40878.998
79450,11:21:18.998000,SELL,9.91,700,40878998,2019-10-03,40878.998
79452,11:21:18.998000,SELL,9.91,100,40878998,2019-10-03,40878.998
79454,11:21:18.998000,SELL,9.91,100,40878998,2019-10-03,40878.998
79456,11:21:18.998000,SELL,9.91,200,40878998,2019-10-03,40878.998
79459,11:21:18.998000,SELL,9.91,600,40878998,2019-10-03,40878.998
79461,11:21:18.998000,SELL,9.91,100,40878998,2019-10-03,40878.998
79463,11:21:18.998000,SELL,9.91,200,40878998,2019-10-03,40878.998
79465,11:21:18.998000,SELL,9.91,3,40878998,2019-10-03,40878.998
79467,11:21:18.998000,SELL,9.91,200,40878998,2019-10-03,40878.998
79500,11:21:18.998000,SELL,9.91,600,40878998,2019-10-03,40878.998
79502,11:21:18.998000,SELL,9.91,800,40878998,2019-10-03,40878.998
79505,11:21:18.998000,SELL,9.91,100,40878998,2019-10-03,40878.998
79522,11:21:18.998000,SELL,9.91,500,40878998,2019-10-03,40878.998
79550,11:21:18.999000,SELL,9.91,555,40878999,2019-10-03,40878.999
79565,11:21:18.999000,SELL,9.9,100,40878999,2019-10-03,40878.999
79846,11:21:28.910000,BUY,9.91,513,40888910,2019-10-03,40888.91
79887,11:21:28.911000,BUY,9.91,287,40888911,2019-10-03,40888.911
79891,11:21:28.911000,BUY,9.91,100,40888911,2019-10-03,40888.911
79922,11:21:28.911000,SELL,9.91,100,40888911,2019-10-03,40888.911
79924,11:21:28.911000,SELL,9.91,200,40888911,2019-10-03,40888.911
79926,11:21:28.911000,SELL,9.91,200,40888911,2019-10-03,40888.911
79928,11:21:28.911000,SELL,9.91,100,40888911,2019-10-03,40888.911
79930,11:21:28.911000,SELL,9.91,100,40888911,2019-10-03,40888.911
79932,11:21:28.911000,SELL,9.91,700,40888911,2019-10-03,40888.911
79936,11:21:28.911000,SELL,9.91,100,40888911,2019-10-03,40888.911
80210,11:21:51.428000,SELL,9.91,200,40911428,2019-10-03,40911.428
80214,11:21:51.428000,SELL,9.91,200,40911428,2019-10-03,40911.428
80216,11:21:51.428000,SELL,9.91,600,40911428,2019-10-03,40911.428
80218,11:21:51.428000,SELL,9.91,500,40911428,2019-10-03,40911.428
80220,11:21:51.428000,SELL,9.91,100,40911428,2019-10-03,40911.428
80771,11:23:05.133000,BUY,9.91,1100,40985133,2019-10-03,40985.133
80775,11:23:05.133000,BUY,9.91,200,40985133,2019-10-03,40985.133
80777,11:23:05.133000,BUY,9.91,300,40985133,2019-10-03,40985.133
80779,11:23:05.133000,BUY,9.91,1,40985133,2019-10-03,40985.133
80781,11:23:05.133000,BUY,9.91,200,40985133,2019-10-03,40985.133
80978,11:23:09.112000,BUY,9.92,3,40989112,2019-10-03,40989.112
81002,11:23:09.132000,BUY,9.92,1,40989132,2019-10-03,40989.132
81025,11:23:11.362000,BUY,9.92,102,40991362,2019-10-03,40991.362
81058,11:23:11.363000,BUY,9.92,1,40991363,2019-10-03,40991.363
81102,11:23:13.509000,BUY,9.92,101,40993509,2019-10-03,40993.509
81124,11:23:13.509000,BUY,9.92,1,40993509,2019-10-03,40993.509
81130,11:23:13.509000,BUY,9.92,1,40993509,2019-10-03,40993.509
81167,11:23:14.657000,BUY,9.92,101,40994657,2019-10-03,40994.657
81197,11:23:14.658000,BUY,9.92,132,40994658,2019-10-03,40994.658
81292,11:23:23.045000,BUY,9.92,1,41003045,2019-10-03,41003.045
81304,11:23:23.047000,BUY,9.92,3,41003047,2019-10-03,41003.047
81328,11:23:23.054000,BUY,9.92,1,41003054,2019-10-03,41003.054
81346,11:23:23.632000,BUY,9.92,2,41003632,2019-10-03,41003.632
81359,11:23:23.632000,BUY,9.92,1,41003632,2019-10-03,41003.632
81401,11:23:30.659000,BUY,9.92,201,41010659,2019-10-03,41010.659
81591,11:24:17.583000,BUY,9.92,55,41057583,2019-10-03,41057.583
81593,11:24:17.583000,BUY,9.92,600,41057583,2019-10-03,41057.583
81595,11:24:17.583000,BUY,9.92,100,41057583,2019-10-03,41057.583
81638,11:24:17.583000,SELL,9.92,100,41057583,2019-10-03,41057.583
81640,11:24:17.583000,SELL,9.92,100,41057583,2019-10-03,41057.583
81642,11:24:17.583000,SELL,9.92,100,41057583,2019-10-03,41057.583
81644,11:24:17.583000,SELL,9.92,100,41057583,2019-10-03,41057.583
81646,11:24:17.583000,SELL,9.92,800,41057583,2019-10-03,41057.583
81648,11:24:17.583000,SELL,9.92,200,41057583,2019-10-03,41057.583
81650,11:24:17.583000,SELL,9.92,900,41057583,2019-10-03,41057.583
81652,11:24:17.583000,SELL,9.92,100,41057583,2019-10-03,41057.583
81654,11:24:17.583000,SELL,9.92,1000,41057583,2019-10-03,41057.583
81656,11:24:17.583000,SELL,9.92,100,41057583,2019-10-03,41057.583
82919,11:28:20.337000,BUY,9.93,300,41300337,2019-10-03,41300.337
83116,11:29:19.095000,BUY,9.93,448,41359095,2019-10-03,41359.095
83129,11:29:19.095000,BUY,9.93,21,41359095,2019-10-03,41359.095
83131,11:29:19.095000,BUY,9.93,100,41359095,2019-10-03,41359.095
83140,11:29:19.095000,BUY,9.93,18,41359095,2019-10-03,41359.095
83151,11:29:19.095000,BUY,9.93,13,41359095,2019-10-03,41359.095
83153,11:29:19.095000,BUY,9.93,200,41359095,2019-10-03,41359.095
83155,11:29:19.095000,BUY,9.93,1,41359095,2019-10-03,41359.095
83157,11:29:19.095000,BUY,9.93,100,41359095,2019-10-03,41359.095
83373,11:29:29.449000,SELL,9.93,800,41369449,2019-10-03,41369.449
83377,11:29:29.449000,SELL,9.93,500,41369449,2019-10-03,41369.449
83379,11:29:29.449000,SELL,9.93,900,41369449,2019-10-03,41369.449
83381,11:29:29.449000,SELL,9.93,100,41369449,2019-10-03,41369.449
83383,11:29:29.449000,SELL,9.93,100,41369449,2019-10-03,41369.449
83385,11:29:29.449000,SELL,9.93,48,41369449,2019-10-03,41369.449
83387,11:29:29.449000,SELL,9.93,500,41369449,2019-10-03,41369.449
83389,11:29:29.449000,SELL,9.93,300,41369449,2019-10-03,41369.449
83391,11:29:29.449000,SELL,9.93,100,41369449,2019-10-03,41369.449
83393,11:29:29.449000,SELL,9.93,100,41369449,2019-10-03,41369.449
83510,11:29:29.455000,SELL,9.92,200,41369455,2019-10-03,41369.455
83514,11:29:29.455000,SELL,9.92,100,41369455,2019-10-03,41369.455
83516,11:29:29.455000,SELL,9.92,300,41369455,2019-10-03,41369.455
83518,11:29:29.455000,SELL,9.92,89,41369455,2019-10-03,41369.455
83524,11:29:29.455000,SELL,9.92,211,41369455,2019-10-03,41369.455
83526,11:29:29.455000,SELL,9.92,94,41369455,2019-10-03,41369.455
83534,11:29:29.455000,SELL,9.92,6,41369455,2019-10-03,41369.455
83536,11:29:29.455000,SELL,9.92,100,41369455,2019-10-03,41369.455
83538,11:29:29.455000,SELL,9.92,80,41369455,2019-10-03,41369.455
83550,11:29:29.455000,SELL,9.92,20,41369455,2019-10-03,41369.455
83552,11:29:29.455000,SELL,9.92,100,41369455,2019-10-03,41369.455
83554,11:29:29.455000,SELL,9.92,100,41369455,2019-10-03,41369.455
83556,11:29:29.455000,SELL,9.92,100,41369455,2019-10-03,41369.455
83558,11:29:29.455000,SELL,9.92,100,41369455,2019-10-03,41369.455
83560,11:29:29.455000,SELL,9.92,100,41369455,2019-10-03,41369.455
83575,11:29:29.455000,SELL,9.92,1,41369455,2019-10-03,41369.455
84407,11:32:08.341000,SELL,9.91,800,41528341,2019-10-03,41528.341
83937,11:30:07.261000,BUY,9.92,116,41407261,2019-10-03,41407.261
84411,11:32:08.341000,SELL,9.91,100,41528341,2019-10-03,41528.341
84413,11:32:08.341000,SELL,9.91,100,41528341,2019-10-03,41528.341
84447,11:32:08.341000,SELL,9.91,300,41528341,2019-10-03,41528.341
84461,11:32:08.341000,SELL,9.91,300,41528341,2019-10-03,41528.341
84470,11:32:08.342000,SELL,9.91,411,41528342,2019-10-03,41528.342
84637,11:32:10.219000,BUY,9.91,47,41530219,2019-10-03,41530.219
84765,11:32:36.687000,SELL,9.9,200,41556687,2019-10-03,41556.687
84767,11:32:36.687000,SELL,9.9,800,41556687,2019-10-03,41556.687
84769,11:32:36.687000,SELL,9.9,300,41556687,2019-10-03,41556.687
84771,11:32:36.687000,SELL,9.9,300,41556687,2019-10-03,41556.687
84773,11:32:36.687000,SELL,9.9,1300,41556687,2019-10-03,41556.687
84775,11:32:36.687000,SELL,9.9,200,41556687,2019-10-03,41556.687
85091,11:33:08.423000,SELL,9.89,200,41588423,2019-10-03,41588.423
85111,11:33:08.424000,SELL,9.89,400,41588424,2019-10-03,41588.424
85115,11:33:08.424000,SELL,9.89,100,41588424,2019-10-03,41588.424
85135,11:33:08.425000,SELL,9.89,143,41588425,2019-10-03,41588.425
85145,11:33:08.425000,SELL,9.89,157,41588425,2019-10-03,41588.425
85147,11:33:08.425000,SELL,9.89,200,41588425,2019-10-03,41588.425
85162,11:33:08.425000,SELL,9.89,100,41588425,2019-10-03,41588.425
86048,11:36:34.293000,SELL,9.88,800,41794293,2019-10-03,41794.293
86052,11:36:34.293000,SELL,9.88,300,41794293,2019-10-03,41794.293
86054,11:36:34.293000,SELL,9.88,700,41794293,2019-10-03,41794.293
86056,11:36:34.293000,SELL,9.88,600,41794293,2019-10-03,41794.293
86058,11:36:34.293000,SELL,9.88,700,41794293,2019-10-03,41794.293
86060,11:36:34.293000,SELL,9.88,100,41794293,2019-10-03,41794.293
86062,11:36:34.293000,SELL,9.88,100,41794293,2019-10-03,41794.293
86566,11:37:54.845000,SELL,9.87,215,41874845,2019-10-03,41874.845
86570,11:37:54.845000,SELL,9.87,700,41874845,2019-10-03,41874.845
86572,11:37:54.845000,SELL,9.87,800,41874845,2019-10-03,41874.845
86574,11:37:54.845000,SELL,9.87,85,41874845,2019-10-03,41874.845
87246,11:40:20.961000,BUY,9.87,504,42020961,2019-10-03,42020.961
87254,11:40:20.961000,BUY,9.87,100,42020961,2019-10-03,42020.961
87259,11:40:20.961000,BUY,9.87,10,42020961,2019-10-03,42020.961
87263,11:40:20.961000,BUY,9.87,741,42020961,2019-10-03,42020.961
87294,11:40:20.962000,BUY,9.87,10675,42020962,2019-10-03,42020.962
87329,11:40:20.963000,BUY,9.87,5995,42020963,2019-10-03,42020.963
87332,11:40:20.963000,BUY,9.87,5305,42020963,2019-10-03,42020.963
87334,11:40:20.963000,BUY,9.87,300,42020963,2019-10-03,42020.963
87336,11:40:20.963000,BUY,9.87,100,42020963,2019-10-03,42020.963
87338,11:40:20.963000,BUY,9.87,79,42020963,2019-10-03,42020.963
87350,11:40:20.963000,BUY,9.87,21,42020963,2019-10-03,42020.963
87352,11:40:20.963000,BUY,9.87,300,42020963,2019-10-03,42020.963
87354,11:40:20.963000,BUY,9.87,100,42020963,2019-10-03,42020.963
87356,11:40:20.963000,BUY,9.87,800,42020963,2019-10-03,42020.963
87358,11:40:20.963000,BUY,9.87,1,42020963,2019-10-03,42020.963
87360,11:40:20.963000,BUY,9.87,100,42020963,2019-10-03,42020.963
87458,11:40:21.122000,BUY,9.88,159,42021122,2019-10-03,42021.122
87485,11:40:21.123000,BUY,9.88,11,42021123,2019-10-03,42021.123
87491,11:40:21.123000,BUY,9.88,6,42021123,2019-10-03,42021.123
87495,11:40:21.123000,BUY,9.88,3,42021123,2019-10-03,42021.123
87500,11:40:21.123000,BUY,9.88,1,42021123,2019-10-03,42021.123
87505,11:40:21.123000,BUY,9.88,1,42021123,2019-10-03,42021.123
87543,11:40:21.844000,BUY,9.88,200,42021844,2019-10-03,42021.844
87547,11:40:21.844000,BUY,9.88,100,42021844,2019-10-03,42021.844
87936,11:41:23.765000,BUY,9.89,52,42083765,2019-10-03,42083.765
87960,11:41:23.767000,BUY,9.89,25,42083767,2019-10-03,42083.767
87969,11:41:23.769000,BUY,9.89,19,42083769,2019-10-03,42083.769
87983,11:41:23.769000,BUY,9.89,3,42083769,2019-10-03,42083.769
87987,11:41:23.769000,BUY,9.89,2,42083769,2019-10-03,42083.769
87992,11:41:23.770000,BUY,9.89,3,42083770,2019-10-03,42083.77
88007,11:41:23.774000,BUY,9.89,96,42083774,2019-10-03,42083.774
88063,11:41:34.774000,BUY,9.89,1,42094774,2019-10-03,42094.774
88081,11:41:34.774000,BUY,9.89,1,42094774,2019-10-03,42094.774
88102,11:41:35.661000,BUY,9.89,898,42095661,2019-10-03,42095.661
88106,11:41:35.661000,BUY,9.89,302,42095661,2019-10-03,42095.661
88108,11:41:35.661000,BUY,9.89,298,42095661,2019-10-03,42095.661
88110,11:41:35.661000,BUY,9.89,100,42095661,2019-10-03,42095.661
88303,11:41:43.661000,SELL,9.89,101,42103661,2019-10-03,42103.661
88307,11:41:43.661000,SELL,9.89,1,42103661,2019-10-03,42103.661
88309,11:41:43.661000,SELL,9.89,800,42103661,2019-10-03,42103.661
88401,11:41:43.664000,SELL,9.88,400,42103664,2019-10-03,42103.664
88405,11:41:43.664000,SELL,9.88,100,42103664,2019-10-03,42103.664
88407,11:41:43.664000,SELL,9.88,600,42103664,2019-10-03,42103.664
88409,11:41:43.664000,SELL,9.88,700,42103664,2019-10-03,42103.664
88411,11:41:43.664000,SELL,9.88,500,42103664,2019-10-03,42103.664
88413,11:41:43.664000,SELL,9.88,600,42103664,2019-10-03,42103.664
88415,11:41:43.664000,SELL,9.88,100,42103664,2019-10-03,42103.664
88417,11:41:43.664000,SELL,9.88,200,42103664,2019-10-03,42103.664
88419,11:41:43.664000,SELL,9.88,200,42103664,2019-10-03,42103.664
88421,11:41:43.664000,SELL,9.88,900,42103664,2019-10-03,42103.664
88423,11:41:43.664000,SELL,9.88,200,42103664,2019-10-03,42103.664
88458,11:41:43.664000,SELL,9.88,100,42103664,2019-10-03,42103.664
88460,11:41:43.664000,SELL,9.88,100,42103664,2019-10-03,42103.664
88462,11:41:43.664000,SELL,9.88,200,42103664,2019-10-03,42103.664
88479,11:41:43.665000,SELL,9.88,700,42103665,2019-10-03,42103.665
88839,11:42:06.860000,SELL,9.87,200,42126860,2019-10-03,42126.86
88841,11:42:06.860000,SELL,9.87,1700,42126860,2019-10-03,42126.86
88843,11:42:06.860000,SELL,9.87,400,42126860,2019-10-03,42126.86
88845,11:42:06.860000,SELL,9.87,500,42126860,2019-10-03,42126.86
88847,11:42:06.860000,SELL,9.87,200,42126860,2019-10-03,42126.86
88849,11:42:06.860000,SELL,9.87,100,42126860,2019-10-03,42126.86
89705,11:44:56.932000,BUY,9.87,1000,42296932,2019-10-03,42296.932
89709,11:44:56.932000,BUY,9.87,480,42296932,2019-10-03,42296.932
89711,11:44:56.932000,BUY,9.87,100,42296932,2019-10-03,42296.932
89713,11:44:56.932000,BUY,9.87,100,42296932,2019-10-03,42296.932
89715,11:44:56.932000,BUY,9.87,100,42296932,2019-10-03,42296.932
89717,11:44:56.932000,BUY,9.87,100,42296932,2019-10-03,42296.932
89719,11:44:56.932000,BUY,9.87,400,42296932,2019-10-03,42296.932
89721,11:44:56.932000,BUY,9.87,1,42296932,2019-10-03,42296.932
89848,11:45:00.093000,BUY,9.88,188,42300093,2019-10-03,42300.093
89903,11:45:00.097000,BUY,9.88,6,42300097,2019-10-03,42300.097
89911,11:45:00.097000,BUY,9.88,3,42300097,2019-10-03,42300.097
89968,11:45:01.892000,SELL,9.87,1500,42301892,2019-10-03,42301.892
89921,11:45:00.098000,BUY,9.88,3,42300098,2019-10-03,42300.098
90473,11:46:09.022000,SELL,9.87,300,42369022,2019-10-03,42369.022
90475,11:46:09.022000,SELL,9.87,1,42369022,2019-10-03,42369.022
90699,11:46:28.301000,BUY,9.87,700,42388301,2019-10-03,42388.301
90703,11:46:28.301000,BUY,9.87,100,42388301,2019-10-03,42388.301
91151,11:47:28.062000,BUY,9.88,150,42448062,2019-10-03,42448.062
91177,11:47:28.062000,BUY,9.88,25,42448062,2019-10-03,42448.062
91188,11:47:28.063000,BUY,9.88,19,42448063,2019-10-03,42448.063
91204,11:47:28.063000,BUY,9.88,3,42448063,2019-10-03,42448.063
91210,11:47:28.063000,BUY,9.88,2,42448063,2019-10-03,42448.063
91217,11:47:28.063000,BUY,9.88,1,42448063,2019-10-03,42448.063
91338,11:47:48.591000,BUY,9.88,200,42468591,2019-10-03,42468.591
91348,11:47:48.591000,BUY,9.88,100,42468591,2019-10-03,42468.591
91363,11:47:48.592000,BUY,9.88,2,42468592,2019-10-03,42468.592
91385,11:47:48.592000,BUY,9.88,98,42468592,2019-10-03,42468.592
91387,11:47:48.592000,BUY,9.88,2,42468592,2019-10-03,42468.592
91516,11:48:01.835000,BUY,9.88,51,42481835,2019-10-03,42481.835
91532,11:48:01.835000,BUY,9.88,1,42481835,2019-10-03,42481.835
91535,11:48:01.835000,BUY,9.88,25,42481835,2019-10-03,42481.835
91546,11:48:01.835000,BUY,9.88,13,42481835,2019-10-03,42481.835
91556,11:48:01.836000,BUY,9.88,9,42481836,2019-10-03,42481.836
91574,11:48:01.837000,BUY,9.88,3,42481837,2019-10-03,42481.837
91616,11:48:07.571000,BUY,9.88,196,42487571,2019-10-03,42487.571
91624,11:48:07.571000,BUY,9.88,4,42487571,2019-10-03,42487.571
91629,11:48:07.571000,BUY,9.88,96,42487571,2019-10-03,42487.571
91913,11:48:50.177000,SELL,9.88,700,42530177,2019-10-03,42530.177
91983,11:48:50.178000,BUY,9.88,175,42530178,2019-10-03,42530.178
92166,11:49:00.475000,BUY,9.88,19,42540475,2019-10-03,42540.475
92186,11:49:00.475000,BUY,9.88,3,42540475,2019-10-03,42540.475
92193,11:49:00.475000,BUY,9.88,2,42540475,2019-10-03,42540.475
92202,11:49:00.475000,BUY,9.88,1,42540475,2019-10-03,42540.475
92272,11:49:13.141000,SELL,9.87,800,42553141,2019-10-03,42553.141
92458,11:50:00.069000,BUY,9.88,100,42600069,2019-10-03,42600.069
92468,11:50:00.069000,BUY,9.88,1,42600069,2019-10-03,42600.069
92820,11:50:52.945000,BUY,9.89,900,42652945,2019-10-03,42652.945
92824,11:50:52.945000,BUY,9.89,100,42652945,2019-10-03,42652.945
92826,11:50:52.945000,BUY,9.89,100,42652945,2019-10-03,42652.945
92828,11:50:52.945000,BUY,9.89,100,42652945,2019-10-03,42652.945
92830,11:50:52.945000,BUY,9.89,100,42652945,2019-10-03,42652.945
92876,11:50:52.947000,SELL,9.88,400,42652947,2019-10-03,42652.947
92995,11:51:16.091000,SELL,9.88,105,42676091,2019-10-03,42676.091
92999,11:51:16.091000,SELL,9.88,100,42676091,2019-10-03,42676.091
93001,11:51:16.091000,SELL,9.88,100,42676091,2019-10-03,42676.091
93003,11:51:16.091000,SELL,9.88,100,42676091,2019-10-03,42676.091
93005,11:51:16.091000,SELL,9.88,200,42676091,2019-10-03,42676.091
93007,11:51:16.091000,SELL,9.88,200,42676091,2019-10-03,42676.091
93009,11:51:16.091000,SELL,9.88,100,42676091,2019-10-03,42676.091
93011,11:51:16.091000,SELL,9.88,1400,42676091,2019-10-03,42676.091
93013,11:51:16.091000,SELL,9.88,600,42676091,2019-10-03,42676.091
93015,11:51:16.091000,SELL,9.88,500,42676091,2019-10-03,42676.091
93017,11:51:16.091000,SELL,9.88,600,42676091,2019-10-03,42676.091
93527,11:53:04.163000,SELL,9.87,200,42784163,2019-10-03,42784.163
93084,11:51:16.092000,BUY,9.88,100,42676092,2019-10-03,42676.092
93531,11:53:04.163000,SELL,9.87,100,42784163,2019-10-03,42784.163
93533,11:53:04.163000,SELL,9.87,100,42784163,2019-10-03,42784.163
93535,11:53:04.163000,SELL,9.87,600,42784163,2019-10-03,42784.163
93758,11:54:09.542000,BUY,9.87,39,42849542,2019-10-03,42849.542
93778,11:54:09.543000,BUY,9.87,5,42849543,2019-10-03,42849.543
93782,11:54:09.543000,BUY,9.87,2,42849543,2019-10-03,42849.543
93940,11:54:38.242000,BUY,9.87,1300,42878242,2019-10-03,42878.242
93944,11:54:38.242000,BUY,9.87,100,42878242,2019-10-03,42878.242
93946,11:54:38.242000,BUY,9.87,200,42878242,2019-10-03,42878.242
93948,11:54:38.242000,BUY,9.87,200,42878242,2019-10-03,42878.242
93950,11:54:38.242000,BUY,9.87,500,42878242,2019-10-03,42878.242
93952,11:54:38.242000,BUY,9.87,400,42878242,2019-10-03,42878.242
93954,11:54:38.242000,BUY,9.87,100,42878242,2019-10-03,42878.242
93956,11:54:38.242000,BUY,9.87,100,42878242,2019-10-03,42878.242
93958,11:54:38.242000,BUY,9.87,100,42878242,2019-10-03,42878.242
93960,11:54:38.242000,BUY,9.87,100,42878242,2019-10-03,42878.242
93988,11:54:38.243000,BUY,9.87,800,42878243,2019-10-03,42878.243
94189,11:54:45.867000,BUY,9.88,100,42885867,2019-10-03,42885.867
94191,11:54:45.867000,BUY,9.88,600,42885867,2019-10-03,42885.867
94193,11:54:45.867000,BUY,9.88,420,42885867,2019-10-03,42885.867
94195,11:54:45.867000,BUY,9.88,100,42885867,2019-10-03,42885.867
94197,11:54:45.867000,BUY,9.88,1,42885867,2019-10-03,42885.867
94541,11:55:51.878000,BUY,9.89,201,42951878,2019-10-03,42951.878
94561,11:55:51.878000,BUY,9.89,1,42951878,2019-10-03,42951.878
94604,11:56:00.086000,BUY,9.89,198,42960086,2019-10-03,42960.086
94612,11:56:00.086000,BUY,9.89,2,42960086,2019-10-03,42960.086
94773,11:56:04.032000,SELL,9.89,450,42964032,2019-10-03,42964.032
94629,11:56:00.087000,BUY,9.89,199,42960087,2019-10-03,42960.087
95359,11:57:02.759000,BUY,9.89,1,43022759,2019-10-03,43022.759
95367,11:57:02.760000,BUY,9.89,203,43022760,2019-10-03,43022.76
95777,11:57:58.116000,BUY,9.89,101,43078116,2019-10-03,43078.116
95812,11:58:03.391000,BUY,9.89,2,43083391,2019-10-03,43083.391
95826,11:58:03.391000,BUY,9.89,1,43083391,2019-10-03,43083.391
95876,11:58:11.013000,BUY,9.89,191,43091013,2019-10-03,43091.013
95880,11:58:11.013000,BUY,9.89,209,43091013,2019-10-03,43091.013
96679,12:00:07.014000,BUY,9.89,105,43207014,2019-10-03,43207.014
96683,12:00:07.014000,BUY,9.89,100,43207014,2019-10-03,43207.014
96839,12:00:09.855000,SELL,9.89,300,43209855,2019-10-03,43209.855
96843,12:00:09.855000,SELL,9.89,42,43209855,2019-10-03,43209.855
96845,12:00:09.855000,SELL,9.89,200,43209855,2019-10-03,43209.855
96847,12:00:09.855000,SELL,9.89,200,43209855,2019-10-03,43209.855
96849,12:00:09.855000,SELL,9.89,600,43209855,2019-10-03,43209.855
96851,12:00:09.855000,SELL,9.89,100,43209855,2019-10-03,43209.855
96999,12:00:14.078000,BUY,9.89,38,43214078,2019-10-03,43214.078
97009,12:00:14.078000,BUY,9.89,6,43214078,2019-10-03,43214.078
97011,12:00:14.078000,BUY,9.89,3,43214078,2019-10-03,43214.078
97013,12:00:14.078000,BUY,9.89,2,43214078,2019-10-03,43214.078
97015,12:00:14.078000,BUY,9.89,1,43214078,2019-10-03,43214.078
97125,12:00:53.209000,BUY,9.89,231,43253209,2019-10-03,43253.209
97222,12:01:05.820000,BUY,9.89,100,43265820,2019-10-03,43265.82
97224,12:01:05.820000,BUY,9.89,16,43265820,2019-10-03,43265.82
97233,12:01:05.820000,BUY,9.89,113,43265820,2019-10-03,43265.82
97241,12:01:05.820000,BUY,9.89,74,43265820,2019-10-03,43265.82
97258,12:01:05.820000,BUY,9.89,236,43265820,2019-10-03,43265.82
97270,12:01:05.820000,BUY,9.89,15,43265820,2019-10-03,43265.82
97281,12:01:05.820000,BUY,9.89,15,43265820,2019-10-03,43265.82
97283,12:01:05.820000,BUY,9.89,1,43265820,2019-10-03,43265.82
97518,12:01:25.804000,BUY,9.9,76,43285804,2019-10-03,43285.804
97543,12:01:25.807000,BUY,9.9,19,43285807,2019-10-03,43285.807
97552,12:01:25.807000,BUY,9.9,1,43285807,2019-10-03,43285.807
97556,12:01:25.807000,BUY,9.9,3,43285807,2019-10-03,43285.807
97561,12:01:25.807000,BUY,9.9,2,43285807,2019-10-03,43285.807
97565,12:01:25.807000,BUY,9.9,1,43285807,2019-10-03,43285.807
97733,12:01:55.683000,BUY,9.9,140,43315683,2019-10-03,43315.683
97737,12:01:55.683000,BUY,9.9,100,43315683,2019-10-03,43315.683
97739,12:01:55.683000,BUY,9.9,92,43315683,2019-10-03,43315.683
97741,12:01:55.683000,BUY,9.9,568,43315683,2019-10-03,43315.683
97748,12:01:55.684000,BUY,9.9,132,43315684,2019-10-03,43315.684
97752,12:01:55.684000,BUY,9.9,500,43315684,2019-10-03,43315.684
98004,12:02:07.652000,SELL,9.9,2700,43327652,2019-10-03,43327.652
98008,12:02:07.652000,SELL,9.9,1000,43327652,2019-10-03,43327.652
98010,12:02:07.652000,SELL,9.9,1,43327652,2019-10-03,43327.652
98012,12:02:07.652000,SELL,9.9,700,43327652,2019-10-03,43327.652
98014,12:02:07.652000,SELL,9.9,200,43327652,2019-10-03,43327.652
98016,12:02:07.652000,SELL,9.9,2400,43327652,2019-10-03,43327.652
98018,12:02:07.652000,SELL,9.9,100,43327652,2019-10-03,43327.652
98055,12:02:07.652000,SELL,9.9,380,43327652,2019-10-03,43327.652
98062,12:02:07.652000,SELL,9.9,20,43327652,2019-10-03,43327.652
98065,12:02:07.652000,SELL,9.9,500,43327652,2019-10-03,43327.652
98067,12:02:07.652000,SELL,9.9,100,43327652,2019-10-03,43327.652
98069,12:02:07.652000,SELL,9.9,200,43327652,2019-10-03,43327.652
98546,12:03:22.166000,BUY,9.9,9,43402166,2019-10-03,43402.166
98562,12:03:22.167000,BUY,9.9,3,43402167,2019-10-03,43402.167
98571,12:03:22.172000,BUY,9.9,2,43402172,2019-10-03,43402.172
99226,12:05:30.909000,BUY,9.9,607,43530909,2019-10-03,43530.909
99236,12:05:30.909000,BUY,9.9,72,43530909,2019-10-03,43530.909
99244,12:05:30.909000,BUY,9.9,200,43530909,2019-10-03,43530.909
99247,12:05:30.909000,BUY,9.9,63,43530909,2019-10-03,43530.909
99259,12:05:30.909000,BUY,9.9,1,43530909,2019-10-03,43530.909
99275,12:05:30.910000,BUY,9.9,2,43530910,2019-10-03,43530.91
99283,12:05:30.910000,BUY,9.9,41,43530910,2019-10-03,43530.91
99285,12:05:30.910000,BUY,9.9,100,43530910,2019-10-03,43530.91
99354,12:05:30.920000,SELL,9.9,1600,43530920,2019-10-03,43530.92
99358,12:05:30.920000,SELL,9.9,100,43530920,2019-10-03,43530.92
99360,12:05:30.920000,SELL,9.9,300,43530920,2019-10-03,43530.92
99362,12:05:30.920000,SELL,9.9,1500,43530920,2019-10-03,43530.92
99364,12:05:30.920000,SELL,9.9,400,43530920,2019-10-03,43530.92
99366,12:05:30.920000,SELL,9.9,1010,43530920,2019-10-03,43530.92
99368,12:05:30.920000,SELL,9.9,800,43530920,2019-10-03,43530.92
99370,12:05:30.920000,SELL,9.9,300,43530920,2019-10-03,43530.92
99372,12:05:30.920000,SELL,9.9,100,43530920,2019-10-03,43530.92
99374,12:05:30.920000,SELL,9.9,400,43530920,2019-10-03,43530.92
99791,12:06:30.690000,BUY,9.9,101,43590690,2019-10-03,43590.69
99795,12:06:30.690000,BUY,9.9,1200,43590690,2019-10-03,43590.69
99958,12:06:36.327000,SELL,9.9,2400,43596327,2019-10-03,43596.327
99962,12:06:36.327000,SELL,9.9,1400,43596327,2019-10-03,43596.327
99964,12:06:36.327000,SELL,9.9,400,43596327,2019-10-03,43596.327
100014,12:06:36.329000,SELL,9.9,200,43596329,2019-10-03,43596.329
100018,12:06:36.329000,SELL,9.9,100,43596329,2019-10-03,43596.329
100020,12:06:36.329000,SELL,9.9,100,43596329,2019-10-03,43596.329
100212,12:06:58.493000,BUY,9.9,200,43618493,2019-10-03,43618.493
100217,12:06:58.493000,BUY,9.9,100,43618493,2019-10-03,43618.493
100219,12:06:58.493000,BUY,9.9,100,43618493,2019-10-03,43618.493
100221,12:06:58.493000,BUY,9.9,400,43618493,2019-10-03,43618.493
100603,12:07:38.083000,SELL,9.9,3000,43658083,2019-10-03,43658.083
100607,12:07:38.083000,SELL,9.9,1100,43658083,2019-10-03,43658.083
100609,12:07:38.083000,SELL,9.9,100,43658083,2019-10-03,43658.083
100611,12:07:38.083000,SELL,9.9,1800,43658083,2019-10-03,43658.083
100613,12:07:38.083000,SELL,9.9,10,43658083,2019-10-03,43658.083
100615,12:07:38.083000,SELL,9.9,400,43658083,2019-10-03,43658.083
100617,12:07:38.083000,SELL,9.9,100,43658083,2019-10-03,43658.083
100619,12:07:38.083000,SELL,9.9,100,43658083,2019-10-03,43658.083
100621,12:07:38.083000,SELL,9.9,400,43658083,2019-10-03,43658.083
100683,12:07:38.085000,SELL,9.9,900,43658085,2019-10-03,43658.085
100687,12:07:38.085000,SELL,9.9,100,43658085,2019-10-03,43658.085
101004,12:08:09.232000,SELL,9.9,305,43689232,2019-10-03,43689.232
101046,12:08:09.234000,SELL,9.9,200,43689234,2019-10-03,43689.234
101821,12:10:32.534000,BUY,9.9,300,43832534,2019-10-03,43832.534
101941,12:10:53.881000,BUY,9.9,100,43853881,2019-10-03,43853.881
