time,bidPx_0,bidPx_1,bidPx_2,bidPx_3,bidPx_4,bidQty_0,bidQty_1,bidQty_2,bidQty_3,bidQty_4,askPx_0,askPx_1,askPx_2,askPx_3,askPx_4,askQty_0,askQty_1,askQty_2,askQty_3,askQty_4,date,time_elapsed
09:31:10.424000,9.96,9.95,9.94,9.93,9.92,100,105,48,100,30,10.0,10.01,10.02,10.05,10.08,200,516,100,800,100,2019-10-03,34270.424
09:31:10.424000,9.96,9.95,9.94,9.93,9.92,100,105,48,100,30,10.0,10.01,10.02,10.05,10.08,100,516,100,800,100,2019-10-03,34270.424
09:31:10.587000,9.96,9.95,9.94,9.93,9.92,100,105,148,100,30,10.0,10.01,10.02,10.05,10.08,100,516,100,800,100,2019-10-03,34270.587
09:31:10.587000,9.96,9.95,9.94,9.93,9.92,100,105,148,100,30,10.01,10.02,10.05,10.08,10.1,516,100,800,100,5414,2019-10-03,34270.587
09:31:10.587000,9.99,9.98,9.97,9.96,9.95,100,10,300,100,105,10.0,10.01,10.02,10.05,10.09,100,516,100,800,100,2019-10-03,34270.587
09:31:10.587000,9.99,9.98,9.97,9.96,9.95,100,10,300,100,105,10.01,10.02,10.05,10.09,10.1,516,100,800,100,5414,2019-10-03,34270.587
09:31:10.588000,9.99,9.98,9.97,9.96,9.95,200,110,400,100,105,10.01,10.02,10.05,10.09,10.1,516,100,800,100,5414,2019-10-03,34270.588
09:31:12.110000,9.96,9.95,9.94,9.93,9.92,300,5,148,100,30,10.0,10.01,10.02,10.05,10.08,800,516,100,800,100,2019-10-03,34272.11
09:31:22.148000,9.97,9.96,9.95,9.94,9.93,100,300,5,148,200,10.0,10.01,10.02,10.04,10.05,600,316,100,100,800,2019-10-03,34282.148
09:31:22.148000,9.97,9.96,9.95,9.94,9.93,100,300,5,148,200,10.0,10.01,10.02,10.04,10.05,200,316,100,100,800,2019-10-03,34282.148
09:31:22.167000,9.97,9.96,9.95,9.94,9.93,100,200,5,148,200,10.0,10.01,10.02,10.04,10.05,100,316,100,100,800,2019-10-03,34282.167
09:31:22.167000,9.97,9.96,9.95,9.94,9.93,100,200,5,148,200,10.01,10.02,10.04,10.05,10.1,316,100,100,800,5414,2019-10-03,34282.167
09:31:28.161000,10.0,9.98,9.96,9.95,9.94,100,200,100,105,300,10.01,10.04,10.07,10.1,10.16,200,100,800,5414,1100,2019-10-03,34288.161
09:31:28.161000,10.0,9.98,9.96,9.95,9.94,100,200,100,105,300,10.01,10.04,10.07,10.1,10.16,100,100,800,5414,1100,2019-10-03,34288.161
09:31:28.161000,10.0,9.98,9.96,9.95,9.94,112,200,100,105,300,10.04,10.07,10.1,10.16,10.18,100,800,5414,1100,11100,2019-10-03,34288.161
09:31:28.409000,10.0,9.98,9.96,9.95,9.94,300,100,100,105,300,10.06,10.07,10.1,10.18,10.21,100,800,5414,11100,1100,2019-10-03,34288.409
09:31:28.410000,10.02,10.01,10.0,9.98,9.96,112,400,300,100,100,10.03,10.06,10.07,10.1,10.18,100,100,800,5414,11100,2019-10-03,34288.41
09:31:28.410000,10.02,10.01,10.0,9.98,9.96,100,400,300,100,100,10.06,10.07,10.1,10.18,10.21,100,800,5414,11100,1100,2019-10-03,34288.41
09:31:29.538000,10.01,10.0,9.96,9.95,9.94,100,200,100,105,400,10.05,10.09,10.1,10.12,10.18,100,800,5414,100,11100,2019-10-03,34289.538
09:31:38.506000,10.03,10.01,10.0,9.99,9.98,200,148,200,100,100,10.05,10.09,10.1,10.18,10.21,600,900,5414,11100,1100,2019-10-03,34298.506
09:31:48.442000,10.03,10.02,10.01,10.0,9.99,100,100,248,100,100,10.04,10.05,10.08,10.09,10.1,300,100,100,800,5414,2019-10-03,34308.442
09:31:48.442000,10.02,10.01,10.0,9.99,9.98,100,248,100,100,100,10.04,10.05,10.08,10.09,10.1,300,100,100,800,5414,2019-10-03,34308.442
09:32:00.380000,10.01,10.0,9.99,9.98,9.97,248,100,100,200,100,10.03,10.04,10.05,10.06,10.08,300,300,100,100,200,2019-10-03,34320.38
09:32:00.390000,10.01,10.0,9.99,9.98,9.97,148,100,100,200,100,10.02,10.03,10.04,10.05,10.06,2500,400,300,237,100,2019-10-03,34320.39
09:32:00.390000,10.01,10.0,9.99,9.98,9.97,100,100,100,200,100,10.02,10.03,10.04,10.05,10.06,2500,400,300,237,100,2019-10-03,34320.39
09:32:00.390000,10.0,9.99,9.98,9.97,9.96,100,100,200,100,300,10.02,10.03,10.04,10.05,10.06,2500,400,300,237,100,2019-10-03,34320.39
09:32:01.980000,9.99,9.98,9.97,9.96,9.95,100,200,100,200,5,10.01,10.02,10.03,10.04,10.05,1600,200,300,1000,337,2019-10-03,34321.98
09:32:05.543000,9.99,9.98,9.97,9.96,9.95,100,100,100,200,5,10.0,10.01,10.02,10.03,10.04,723,400,100,100,1000,2019-10-03,34325.543
09:32:05.543000,9.99,9.98,9.97,9.96,9.95,100,100,100,200,5,10.0,10.01,10.02,10.03,10.04,500,400,100,100,1000,2019-10-03,34325.543
09:32:05.543000,9.99,9.98,9.97,9.96,9.95,100,100,100,200,5,10.01,10.02,10.03,10.04,10.05,400,100,100,1000,1137,2019-10-03,34325.543
09:32:05.543000,9.99,9.98,9.97,9.96,9.95,1400,200,100,200,5,10.01,10.02,10.03,10.04,10.05,400,100,100,1000,1137,2019-10-03,34325.543
09:32:09.686000,10.0,9.99,9.98,9.97,9.96,700,300,200,100,200,10.01,10.02,10.03,10.04,10.05,302,100,100,1000,1037,2019-10-03,34329.686
09:32:09.686000,10.0,9.99,9.98,9.97,9.96,700,300,200,100,200,10.01,10.02,10.03,10.04,10.05,300,100,100,1000,1037,2019-10-03,34329.686
09:32:09.686000,10.0,9.99,9.98,9.97,9.96,700,300,200,100,200,10.01,10.02,10.03,10.04,10.05,100,100,100,1000,1037,2019-10-03,34329.686
09:32:09.686000,10.0,9.99,9.98,9.97,9.96,700,300,200,100,200,10.01,10.02,10.03,10.04,10.05,2,100,100,1000,1037,2019-10-03,34329.686
09:32:09.686000,10.0,9.99,9.98,9.97,9.96,700,300,200,100,200,10.02,10.03,10.04,10.05,10.06,100,100,1000,1037,200,2019-10-03,34329.686
09:32:09.875000,10.01,10.0,9.99,9.98,9.97,100,200,300,200,200,10.03,10.04,10.05,10.06,10.07,61,1000,200,1000,100,2019-10-03,34329.875
09:32:09.877000,10.02,10.01,10.0,9.99,9.98,200,100,200,300,200,10.04,10.05,10.06,10.07,10.08,1000,200,1000,100,1000,2019-10-03,34329.877
09:32:10.800000,10.02,10.01,10.0,9.99,9.98,100,100,300,300,200,10.03,10.04,10.05,10.06,10.07,100,100,200,1000,100,2019-10-03,34330.8
09:32:10.800000,10.02,10.01,10.0,9.99,9.98,100,100,300,300,200,10.04,10.05,10.06,10.07,10.08,100,200,1000,100,1000,2019-10-03,34330.8
09:32:10.975000,10.02,10.01,10.0,9.99,9.98,200,200,200,300,200,10.05,10.06,10.07,10.08,10.09,200,1000,100,900,100,2019-10-03,34330.975
09:32:11.856000,10.02,10.01,10.0,9.99,9.98,200,200,200,500,200,10.04,10.05,10.06,10.07,10.08,300,200,1000,100,900,2019-10-03,34331.856
09:32:12.901000,10.02,10.01,10.0,9.99,9.98,100,200,200,500,200,10.04,10.05,10.06,10.07,10.08,300,200,1000,100,900,2019-10-03,34332.901
09:32:12.901000,10.02,10.01,10.0,9.99,9.98,100,200,200,500,200,10.04,10.05,10.06,10.07,10.08,200,200,1000,100,900,2019-10-03,34332.901
09:32:12.901000,10.02,10.01,10.0,9.99,9.98,100,200,200,500,200,10.04,10.05,10.06,10.07,10.08,100,200,1000,100,900,2019-10-03,34332.901
09:32:12.901000,10.02,10.01,10.0,9.99,9.98,100,200,200,500,200,10.05,10.06,10.07,10.08,10.09,200,1000,100,900,200,2019-10-03,34332.901
09:32:13.069000,10.03,10.02,10.01,10.0,9.99,100,200,200,200,500,10.04,10.05,10.06,10.07,10.08,200,200,1000,100,900,2019-10-03,34333.069
09:32:13.069000,10.03,10.02,10.01,10.0,9.99,100,200,200,200,500,10.04,10.05,10.06,10.07,10.08,100,200,1000,100,900,2019-10-03,34333.069
09:32:13.069000,10.03,10.02,10.01,10.0,9.99,100,200,200,200,500,10.05,10.06,10.07,10.08,10.09,200,1000,100,900,100,2019-10-03,34333.069
09:32:13.071000,10.04,10.03,10.02,10.01,10.0,10,200,100,200,200,10.05,10.06,10.07,10.08,10.09,100,1000,100,900,100,2019-10-03,34333.071
09:32:13.071000,10.03,10.02,10.01,10.0,9.99,200,100,200,200,500,10.05,10.06,10.07,10.08,10.09,100,1000,100,900,100,2019-10-03,34333.071
09:32:23.211000,10.03,10.02,10.01,10.0,9.99,300,200,300,200,400,10.04,10.05,10.06,10.07,10.08,10,100,1000,100,1000,2019-10-03,34343.211
09:32:23.211000,10.03,10.02,10.01,10.0,9.99,300,200,300,200,400,10.05,10.06,10.07,10.08,10.09,100,1000,100,1000,200,2019-10-03,34343.211
09:32:31.178000,10.04,10.03,10.02,10.01,10.0,100,300,200,300,200,10.07,10.08,10.09,10.1,10.11,100,200,1000,6314,1100,2019-10-03,34351.178
09:32:31.178000,10.05,10.04,10.03,10.02,10.01,24,200,300,200,300,10.06,10.08,10.09,10.1,10.11,300,200,1000,6314,1100,2019-10-03,34351.178
09:32:31.178000,10.04,10.03,10.02,10.01,10.0,200,300,200,300,1100,10.06,10.08,10.09,10.1,10.11,376,200,1000,6314,1100,2019-10-03,34351.178
09:32:59.502000,10.03,10.02,10.01,10.0,9.99,200,300,400,200,700,10.04,10.05,10.06,10.07,10.08,200,100,200,1000,300,2019-10-03,34379.502
09:32:59.502000,10.03,10.02,10.01,10.0,9.99,200,300,400,200,700,10.04,10.05,10.06,10.07,10.08,124,100,200,1000,300,2019-10-03,34379.502
09:32:59.502000,10.03,10.02,10.01,10.0,9.99,200,300,400,200,700,10.04,10.05,10.06,10.07,10.08,100,100,200,1000,300,2019-10-03,34379.502
09:32:59.502000,10.03,10.02,10.01,10.0,9.99,200,300,400,200,700,10.05,10.06,10.07,10.08,10.09,100,200,1000,300,1000,2019-10-03,34379.502
09:33:13.331000,10.05,10.04,10.03,10.02,10.01,674,200,100,400,400,10.07,10.08,10.09,10.1,10.11,100,200,1100,5514,1800,2019-10-03,34393.331
09:33:13.879000,10.05,10.04,10.03,10.02,10.01,674,200,100,300,300,10.07,10.08,10.09,10.1,10.11,100,200,1000,5614,1800,2019-10-03,34393.879
09:33:13.879000,10.05,10.04,10.03,10.02,10.01,674,200,100,300,300,10.08,10.09,10.1,10.11,10.12,200,1000,5614,1800,100,2019-10-03,34393.879
09:33:25.112000,10.07,10.06,10.05,10.04,10.03,200,100,874,100,100,10.08,10.09,10.1,10.11,10.12,178,100,5514,1000,200,2019-10-03,34405.112
09:33:25.113000,10.07,10.06,10.05,10.04,10.03,200,100,874,100,100,10.08,10.09,10.1,10.11,10.12,100,100,5514,1000,200,2019-10-03,34405.113
09:33:25.113000,10.07,10.06,10.05,10.04,10.03,200,100,874,100,100,10.09,10.1,10.11,10.12,10.13,100,5514,1000,200,900,2019-10-03,34405.113
09:33:29.710000,10.08,10.07,10.06,10.05,10.04,100,300,200,200,100,10.1,10.11,10.12,10.13,10.14,5514,1000,100,1000,100,2019-10-03,34409.71
09:33:29.711000,10.09,10.08,10.07,10.06,10.05,100,300,300,200,200,10.1,10.11,10.12,10.13,10.14,5414,1000,100,1000,100,2019-10-03,34409.711
09:33:29.711000,10.08,10.07,10.06,10.05,10.04,300,300,200,200,1000,10.1,10.11,10.12,10.13,10.14,5414,1000,100,1000,100,2019-10-03,34409.711
09:33:29.782000,10.08,10.07,10.06,10.05,10.04,200,200,200,200,1000,10.09,10.1,10.11,10.12,10.13,200,5414,1000,100,1000,2019-10-03,34409.782
09:33:29.782000,10.08,10.07,10.06,10.05,10.04,200,200,200,200,1000,10.09,10.1,10.11,10.12,10.13,100,5414,1000,100,1000,2019-10-03,34409.782
09:33:29.782000,10.08,10.07,10.06,10.05,10.04,200,200,200,200,1000,10.1,10.11,10.12,10.13,10.14,5414,1000,100,1000,100,2019-10-03,34409.782
09:33:31.182000,10.08,10.07,10.06,10.05,10.04,1300,200,200,200,1000,10.11,10.12,10.13,10.14,10.15,100,100,1800,200,1000,2019-10-03,34411.182
09:33:41.087000,10.1,10.08,10.07,10.06,10.05,700,100,200,200,300,10.12,10.13,10.14,10.15,10.16,500,100,100,1100,900,2019-10-03,34421.087
09:33:41.087000,10.1,10.08,10.07,10.06,10.05,100,100,200,200,300,10.12,10.13,10.14,10.15,10.16,500,100,100,1100,900,2019-10-03,34421.087
09:33:41.087000,10.08,10.07,10.06,10.05,10.04,100,200,200,300,1000,10.12,10.13,10.14,10.15,10.16,500,100,100,1100,900,2019-10-03,34421.087
09:34:22.617000,10.11,10.1,10.09,10.08,10.07,151,300,100,100,200,10.12,10.13,10.14,10.15,10.16,400,100,100,1100,900,2019-10-03,34462.617
09:34:22.617000,10.11,10.1,10.09,10.08,10.07,51,300,100,100,200,10.12,10.13,10.14,10.15,10.16,400,100,100,1100,900,2019-10-03,34462.617
09:34:22.618000,10.1,10.09,10.08,10.07,10.06,300,100,100,200,1100,10.12,10.13,10.14,10.15,10.16,500,100,100,1100,900,2019-10-03,34462.618
09:34:22.619000,10.08,10.07,10.06,10.05,10.04,100,200,1100,1120,1000,10.11,10.12,10.13,10.14,10.15,200,810,100,1000,1100,2019-10-03,34462.619
09:34:32.986000,10.08,10.07,10.06,10.05,10.04,1632,200,200,100,100,10.11,10.12,10.13,10.14,10.15,100,700,1100,1900,1000,2019-10-03,34472.986
09:34:41.954000,10.09,10.08,10.07,10.06,10.05,100,1232,200,200,100,10.1,10.11,10.12,10.13,10.14,200,300,700,1000,2000,2019-10-03,34481.954
09:34:41.954000,10.08,10.07,10.06,10.05,10.04,1232,200,200,100,1000,10.1,10.11,10.12,10.13,10.14,200,300,700,1000,2000,2019-10-03,34481.954
09:34:41.955000,10.07,10.06,10.05,10.04,10.03,100,200,100,1000,1000,10.09,10.1,10.11,10.12,10.13,422,600,300,1600,1000,2019-10-03,34481.955
09:35:20.426000,10.08,10.07,10.06,10.05,10.04,600,100,300,200,1100,10.09,10.1,10.11,10.12,10.13,400,800,700,1900,1100,2019-10-03,34520.426
09:35:20.426000,10.08,10.07,10.06,10.05,10.04,600,100,300,200,1100,10.09,10.1,10.11,10.12,10.13,100,800,700,1900,1100,2019-10-03,34520.426
09:35:20.426000,10.08,10.07,10.06,10.05,10.04,600,100,300,200,1100,10.1,10.11,10.12,10.13,10.14,800,700,1900,1100,1900,2019-10-03,34520.426
09:35:20.943000,10.09,10.08,10.07,10.06,10.05,200,300,300,300,1100,10.1,10.11,10.12,10.13,10.14,500,700,900,1200,1900,2019-10-03,34520.943
09:35:21.405000,10.09,10.08,10.07,10.06,10.05,300,400,300,300,1100,10.1,10.11,10.12,10.13,10.14,200,700,900,1200,1900,2019-10-03,34521.405
09:35:21.405000,10.09,10.08,10.07,10.06,10.05,300,400,300,300,1100,10.1,10.11,10.12,10.13,10.14,100,700,900,1200,1900,2019-10-03,34521.405
09:35:21.405000,10.09,10.08,10.07,10.06,10.05,300,400,300,300,1100,10.11,10.12,10.13,10.14,10.15,700,900,1200,1900,200,2019-10-03,34521.405
09:36:20.805000,10.08,10.07,10.06,10.05,10.04,200,200,200,200,1100,10.09,10.1,10.11,10.12,10.13,200,600,400,2810,1200,2019-10-03,34580.805
09:36:20.805000,10.08,10.07,10.06,10.05,10.04,100,200,200,200,1100,10.09,10.1,10.11,10.12,10.13,200,600,400,2810,1200,2019-10-03,34580.805
09:36:20.805000,10.07,10.06,10.05,10.04,10.03,200,200,200,1100,1200,10.09,10.1,10.11,10.12,10.13,200,600,400,2810,1200,2019-10-03,34580.805
09:36:37.711000,10.06,10.05,10.04,10.03,10.02,200,200,200,300,1300,10.08,10.09,10.1,10.11,10.12,500,900,600,1400,2810,2019-10-03,34597.711
09:36:37.711000,10.06,10.05,10.04,10.03,10.02,200,200,200,300,1300,10.08,10.09,10.1,10.11,10.12,400,900,600,1400,2810,2019-10-03,34597.711
09:36:37.711000,10.06,10.05,10.04,10.03,10.02,200,200,200,300,1300,10.09,10.1,10.11,10.12,10.13,900,600,1400,2810,1900,2019-10-03,34597.711
09:36:40.852000,10.07,10.06,10.05,10.04,10.03,100,200,200,200,1200,10.08,10.09,10.1,10.11,10.12,100,1301,600,1300,2910,2019-10-03,34600.852
09:36:40.852000,10.06,10.05,10.04,10.03,10.02,200,200,200,1200,1300,10.08,10.09,10.1,10.11,10.12,100,1301,600,1300,2910,2019-10-03,34600.852
09:36:42.434000,10.06,10.05,10.04,10.03,10.02,500,200,200,300,1300,10.07,10.08,10.09,10.1,10.11,400,300,901,1500,1300,2019-10-03,34602.434
09:36:42.434000,10.06,10.05,10.04,10.03,10.02,500,200,200,300,1300,10.08,10.09,10.1,10.11,10.12,300,901,1500,1300,2910,2019-10-03,34602.434
09:36:45.190000,10.06,10.05,10.04,10.03,10.02,500,200,200,1200,1200,10.09,10.1,10.11,10.12,10.13,1202,600,1300,2100,1900,2019-10-03,34605.19
09:36:52.940000,10.06,10.05,10.04,10.03,10.02,200,200,1310,500,1300,10.07,10.08,10.09,10.1,10.11,700,1700,1001,1700,1400,2019-10-03,34612.94
09:36:52.940000,10.06,10.05,10.04,10.03,10.02,200,200,1310,500,1300,10.07,10.08,10.09,10.1,10.11,300,1700,1001,1700,1400,2019-10-03,34612.94
09:36:52.940000,10.06,10.05,10.04,10.03,10.02,200,200,1310,500,1300,10.07,10.08,10.09,10.1,10.11,200,1700,1001,1700,1400,2019-10-03,34612.94
09:36:53.453000,10.06,10.05,10.04,10.03,10.02,300,200,1310,500,1300,10.07,10.08,10.09,10.1,10.11,100,1500,1000,1700,1400,2019-10-03,34613.453
09:36:53.453000,10.06,10.05,10.04,10.03,10.02,300,200,1310,500,1300,10.08,10.09,10.1,10.11,10.12,1500,1000,1700,1400,2100,2019-10-03,34613.453
09:36:53.454000,10.06,10.05,10.04,10.03,10.02,1100,200,1310,500,1300,10.07,10.08,10.09,10.1,10.11,400,1500,1000,1700,1400,2019-10-03,34613.454
09:36:53.454000,10.06,10.05,10.04,10.03,10.02,1100,200,1310,500,1300,10.08,10.09,10.1,10.11,10.12,1500,1000,1700,1400,2100,2019-10-03,34613.454
09:36:54.731000,10.06,10.05,10.04,10.03,10.02,400,200,1310,500,1300,10.07,10.08,10.09,10.1,10.11,400,1100,1000,1600,1500,2019-10-03,34614.731
09:36:54.731000,10.06,10.05,10.04,10.03,10.02,400,200,1310,500,1300,10.08,10.09,10.1,10.11,10.12,1100,1000,1600,1500,2100,2019-10-03,34614.731
09:36:55.436000,10.06,10.05,10.04,10.03,10.02,400,200,1310,500,1300,10.07,10.08,10.09,10.1,10.11,600,1200,1000,1600,1500,2019-10-03,34615.436
09:36:55.436000,10.06,10.05,10.04,10.03,10.02,400,200,1310,500,1300,10.07,10.08,10.09,10.1,10.11,500,1200,1000,1600,1500,2019-10-03,34615.436
09:36:55.436000,10.06,10.05,10.04,10.03,10.02,400,200,1310,500,1300,10.07,10.08,10.09,10.1,10.11,400,1200,1000,1600,1500,2019-10-03,34615.436
09:36:55.436000,10.06,10.05,10.04,10.03,10.02,400,200,1310,500,1300,10.08,10.09,10.1,10.11,10.12,1200,1000,1600,1500,2100,2019-10-03,34615.436
09:36:56.440000,10.06,10.05,10.04,10.03,10.02,400,200,1310,1400,1300,10.08,10.09,10.1,10.11,10.12,1300,1000,700,1400,2200,2019-10-03,34616.44
09:36:58.004000,10.04,10.03,10.02,10.01,10.0,1310,500,1300,600,1200,10.07,10.08,10.09,10.1,10.11,1600,1000,1000,1700,1400,2019-10-03,34618.004
09:36:59.982000,10.05,10.04,10.03,10.02,10.01,1010,300,500,400,1500,10.06,10.07,10.08,10.09,10.1,400,1300,600,1900,1600,2019-10-03,34619.982
09:36:59.982000,10.05,10.04,10.03,10.02,10.01,1010,300,500,400,1500,10.07,10.08,10.09,10.1,10.11,1300,600,1900,1600,1500,2019-10-03,34619.982
09:37:12.771000,10.06,10.05,10.04,10.03,10.02,1070,400,400,700,1300,10.07,10.08,10.09,10.1,10.11,1000,600,800,1700,1400,2019-10-03,34632.771
09:37:12.771000,10.06,10.05,10.04,10.03,10.02,970,400,400,700,1300,10.07,10.08,10.09,10.1,10.11,1000,600,800,1700,1400,2019-10-03,34632.771
09:37:12.771000,10.06,10.05,10.04,10.03,10.02,870,400,400,700,1300,10.07,10.08,10.09,10.1,10.11,1000,600,800,1700,1400,2019-10-03,34632.771
09:37:12.771000,10.06,10.05,10.04,10.03,10.02,470,400,400,700,1300,10.07,10.08,10.09,10.1,10.11,1000,600,800,1700,1400,2019-10-03,34632.771
09:37:12.771000,10.06,10.05,10.04,10.03,10.02,100,400,400,700,1300,10.07,10.08,10.09,10.1,10.11,1700,600,800,1700,1400,2019-10-03,34632.771
09:37:34.168000,10.05,10.04,10.03,10.02,10.01,300,400,900,400,1500,10.06,10.07,10.08,10.09,10.1,100,1100,600,1700,1700,2019-10-03,34654.168
09:37:34.168000,10.05,10.04,10.03,10.02,10.01,300,400,900,400,1500,10.07,10.08,10.09,10.1,10.11,1100,600,1700,1700,2200,2019-10-03,34654.168
09:37:34.420000,10.06,10.05,10.04,10.03,10.02,200,400,400,900,1300,10.07,10.08,10.09,10.1,10.11,900,600,1700,1700,2200,2019-10-03,34654.42
09:37:34.420000,10.06,10.05,10.04,10.03,10.02,100,400,400,900,1300,10.07,10.08,10.09,10.1,10.11,900,600,1700,1700,2200,2019-10-03,34654.42
09:37:38.354000,10.05,10.04,10.03,10.02,10.01,400,400,700,1300,1500,10.07,10.08,10.09,10.1,10.11,1300,600,800,1700,2200,2019-10-03,34658.354
09:37:56.259000,10.04,10.03,10.02,10.01,10.0,300,500,800,900,1200,10.06,10.07,10.08,10.09,10.1,1200,800,600,1700,1800,2019-10-03,34676.259
09:37:56.259000,10.04,10.03,10.02,10.01,10.0,200,500,800,900,1200,10.06,10.07,10.08,10.09,10.1,1200,800,600,1700,1800,2019-10-03,34676.259
09:37:56.259000,10.04,10.03,10.02,10.01,10.0,100,500,800,900,1200,10.06,10.07,10.08,10.09,10.1,1200,800,600,1700,1800,2019-10-03,34676.259
09:38:10.023000,10.03,10.02,10.01,10.0,9.99,200,500,700,300,1500,10.04,10.05,10.06,10.07,10.08,800,1200,800,1700,1700,2019-10-03,34690.023
09:38:10.023000,10.02,10.01,10.0,9.99,9.98,500,700,300,1500,300,10.04,10.05,10.06,10.07,10.08,800,1200,800,1700,1700,2019-10-03,34690.023
09:38:29.213000,10.02,10.01,10.0,9.99,9.98,600,1400,300,1400,1300,10.04,10.05,10.06,10.07,10.08,500,1300,800,1700,1700,2019-10-03,34709.213
09:38:34.863000,10.02,10.01,10.0,9.99,9.98,100,1400,400,500,1300,10.03,10.04,10.05,10.06,10.07,1100,800,900,1700,1800,2019-10-03,34714.863
09:38:34.863000,10.01,10.0,9.99,9.98,9.97,1400,400,500,1300,1300,10.03,10.04,10.05,10.06,10.07,1300,800,900,1700,1800,2019-10-03,34714.863
09:39:06.667000,10.01,10.0,9.99,9.98,9.97,1400,500,400,1300,1200,10.03,10.04,10.05,10.06,10.07,821,1000,900,1700,1800,2019-10-03,34746.667
09:39:28.890000,10.01,10.0,9.99,9.98,9.97,1300,600,600,400,1200,10.03,10.04,10.05,10.06,10.07,1521,1000,900,1700,1700,2019-10-03,34768.89
09:39:28.890000,10.01,10.0,9.99,9.98,9.97,1200,600,600,400,1200,10.03,10.04,10.05,10.06,10.07,1521,1000,900,1700,1700,2019-10-03,34768.89
09:39:28.890000,10.01,10.0,9.99,9.98,9.97,500,600,600,400,1200,10.03,10.04,10.05,10.06,10.07,1521,1000,900,1700,1700,2019-10-03,34768.89
09:39:28.890000,10.01,10.0,9.99,9.98,9.97,400,600,600,400,1200,10.03,10.04,10.05,10.06,10.07,1521,1000,900,1700,1700,2019-10-03,34768.89
09:39:28.890000,10.01,10.0,9.99,9.98,9.97,300,600,600,400,1200,10.03,10.04,10.05,10.06,10.07,1521,1000,900,1700,1700,2019-10-03,34768.89
09:39:28.890000,10.01,10.0,9.99,9.98,9.97,200,600,600,400,1200,10.03,10.04,10.05,10.06,10.07,1521,1000,900,1700,1700,2019-10-03,34768.89
09:39:28.890000,10.01,10.0,9.99,9.98,9.97,100,600,600,400,1200,10.03,10.04,10.05,10.06,10.07,1521,1000,900,1700,1700,2019-10-03,34768.89
09:39:28.890000,10.0,9.99,9.98,9.97,9.96,600,600,400,1200,600,10.03,10.04,10.05,10.06,10.07,1521,1000,900,1700,1700,2019-10-03,34768.89
09:39:29.449000,10.0,9.99,9.98,9.97,9.96,200,600,500,300,1400,10.01,10.02,10.03,10.04,10.05,800,400,1221,1900,1900,2019-10-03,34769.449
09:39:29.449000,10.0,9.99,9.98,9.97,9.96,100,600,500,300,1400,10.01,10.02,10.03,10.04,10.05,800,400,1221,1900,1900,2019-10-03,34769.449
09:39:29.449000,9.99,9.98,9.97,9.96,9.95,600,500,300,1400,305,10.01,10.02,10.03,10.04,10.05,700,400,1221,1900,1900,2019-10-03,34769.449
09:39:29.450000,9.99,9.98,9.97,9.96,9.95,1100,500,300,1400,305,10.0,10.01,10.02,10.03,10.04,500,900,500,1221,1900,2019-10-03,34769.45
09:39:29.450000,9.99,9.98,9.97,9.96,9.95,1100,500,300,1400,305,10.0,10.01,10.02,10.03,10.04,400,900,500,1221,1900,2019-10-03,34769.45
09:39:29.450000,9.99,9.98,9.97,9.96,9.95,1100,500,300,1400,305,10.0,10.01,10.02,10.03,10.04,200,900,500,1221,1900,2019-10-03,34769.45
09:39:29.450000,9.99,9.98,9.97,9.96,9.95,1100,500,300,1400,305,10.01,10.02,10.03,10.04,10.05,900,500,1221,1900,1900,2019-10-03,34769.45
09:39:29.451000,10.0,9.99,9.98,9.97,9.96,1100,1438,500,300,1400,10.01,10.02,10.03,10.04,10.05,400,500,1221,1900,1900,2019-10-03,34769.451
09:39:36.188000,10.0,9.99,9.98,9.97,9.96,1200,800,500,300,1600,10.01,10.02,10.03,10.04,10.05,700,1000,1221,1900,1800,2019-10-03,34776.188
09:39:36.188000,10.0,9.99,9.98,9.97,9.96,1000,800,500,300,1600,10.01,10.02,10.03,10.04,10.05,700,1000,1221,1900,1800,2019-10-03,34776.188
09:39:36.188000,10.0,9.99,9.98,9.97,9.96,900,800,500,300,1600,10.01,10.02,10.03,10.04,10.05,700,1000,1221,1900,1800,2019-10-03,34776.188
09:39:36.188000,10.0,9.99,9.98,9.97,9.96,800,800,500,300,1600,10.01,10.02,10.03,10.04,10.05,700,1000,1221,1900,1800,2019-10-03,34776.188
09:39:36.188000,9.99,9.98,9.97,9.96,9.95,800,500,300,1600,505,10.01,10.02,10.03,10.04,10.05,700,1000,1221,1900,1800,2019-10-03,34776.188
09:39:37.027000,9.99,9.98,9.97,9.96,9.95,800,500,300,700,1405,10.01,10.02,10.03,10.04,10.05,900,1000,2221,1900,1900,2019-10-03,34777.027
09:40:06.861000,9.99,9.98,9.97,9.96,9.95,385,400,600,600,1605,10.0,10.01,10.02,10.03,10.04,1121,1000,1000,2200,2700,2019-10-03,34806.861
09:40:06.861000,9.99,9.98,9.97,9.96,9.95,300,400,600,600,1605,10.0,10.01,10.02,10.03,10.04,1221,1000,1000,2200,2700,2019-10-03,34806.861
09:40:06.861000,9.99,9.98,9.97,9.96,9.95,100,400,600,600,1605,10.0,10.01,10.02,10.03,10.04,1221,1000,1000,2200,2700,2019-10-03,34806.861
09:40:06.861000,9.99,9.98,9.97,9.96,9.95,15,400,600,600,1605,10.0,10.01,10.02,10.03,10.04,1221,1000,1000,2200,2700,2019-10-03,34806.861
09:40:20.717000,9.99,9.98,9.97,9.96,9.95,945,400,600,600,1605,10.0,10.01,10.02,10.03,10.04,421,1000,1000,2300,2700,2019-10-03,34820.717
09:40:20.717000,9.99,9.98,9.97,9.96,9.95,945,400,600,600,1605,10.0,10.01,10.02,10.03,10.04,221,1000,1000,2300,2700,2019-10-03,34820.717
09:40:20.717000,9.99,9.98,9.97,9.96,9.95,945,400,600,600,1605,10.0,10.01,10.02,10.03,10.04,205,1000,1000,2300,2700,2019-10-03,34820.717
09:40:20.717000,9.99,9.98,9.97,9.96,9.95,945,400,600,600,1605,10.0,10.01,10.02,10.03,10.04,200,1000,1000,2300,2700,2019-10-03,34820.717
09:40:20.717000,9.99,9.98,9.97,9.96,9.95,945,400,600,600,1605,10.0,10.01,10.02,10.03,10.04,100,1000,1000,2300,2700,2019-10-03,34820.717
09:40:20.717000,9.99,9.98,9.97,9.96,9.95,945,400,600,600,1605,10.0,10.01,10.02,10.03,10.04,21,1000,1000,2300,2700,2019-10-03,34820.717
09:40:20.717000,9.99,9.98,9.97,9.96,9.95,977,400,600,600,1605,10.01,10.02,10.03,10.04,10.05,1000,1000,2300,2700,1800,2019-10-03,34820.717
09:40:20.717000,10.0,9.99,9.98,9.97,9.96,732,1045,400,600,1500,10.01,10.02,10.03,10.04,10.05,600,1000,2300,2700,1800,2019-10-03,34820.717
09:40:20.717000,10.0,9.99,9.98,9.97,9.96,532,1045,400,600,1500,10.01,10.02,10.03,10.04,10.05,600,1000,2300,2700,1800,2019-10-03,34820.717
09:40:20.717000,10.0,9.99,9.98,9.97,9.96,500,1045,400,600,1500,10.01,10.02,10.03,10.04,10.05,600,1000,2300,2700,1800,2019-10-03,34820.717
09:40:20.717000,10.0,9.99,9.98,9.97,9.96,400,1045,400,600,1500,10.01,10.02,10.03,10.04,10.05,600,1000,2300,2700,1800,2019-10-03,34820.717
09:40:20.717000,10.0,9.99,9.98,9.97,9.96,200,1045,400,600,1500,10.01,10.02,10.03,10.04,10.05,600,1000,2300,2700,1800,2019-10-03,34820.717
09:40:20.717000,10.0,9.99,9.98,9.97,9.96,100,1045,400,600,1500,10.01,10.02,10.03,10.04,10.05,600,1000,2300,2700,1800,2019-10-03,34820.717
09:40:20.717000,9.99,9.98,9.97,9.96,9.95,1045,400,600,1500,1605,10.01,10.02,10.03,10.04,10.05,600,1000,2300,2700,1800,2019-10-03,34820.717
09:40:21.866000,9.99,9.98,9.97,9.96,9.95,300,400,600,600,1605,10.0,10.01,10.02,10.03,10.04,2346,901,1000,2300,2800,2019-10-03,34821.866
09:40:21.866000,9.99,9.98,9.97,9.96,9.95,200,400,600,600,1605,10.0,10.01,10.02,10.03,10.04,2346,901,1000,2300,2800,2019-10-03,34821.866
09:40:21.866000,9.98,9.97,9.96,9.95,9.94,400,600,600,1605,1200,10.0,10.01,10.02,10.03,10.04,2346,901,1000,2300,2800,2019-10-03,34821.866
09:40:22.834000,9.98,9.97,9.96,9.95,9.94,100,600,600,605,1200,9.99,10.0,10.01,10.02,10.03,3546,1732,1001,2000,3100,2019-10-03,34822.834
09:40:22.834000,9.97,9.96,9.95,9.94,9.93,600,600,605,1200,776,9.99,10.0,10.01,10.02,10.03,3546,1732,1001,2000,3100,2019-10-03,34822.834
09:40:28.246000,9.97,9.96,9.95,9.94,9.93,600,1403,305,300,1776,9.98,9.99,10.0,10.01,10.02,1234,2932,1632,2001,2100,2019-10-03,34828.246
09:40:28.246000,9.97,9.96,9.95,9.94,9.93,600,1403,305,300,1776,9.98,9.99,10.0,10.01,10.02,1233,2932,1632,2001,2100,2019-10-03,34828.246
09:40:28.246000,9.97,9.96,9.95,9.94,9.93,600,1403,305,300,1776,9.98,9.99,10.0,10.01,10.02,1200,2932,1632,2001,2100,2019-10-03,34828.246
09:40:28.246000,9.97,9.96,9.95,9.94,9.93,600,1403,305,300,1776,9.98,9.99,10.0,10.01,10.02,300,2932,1632,2001,2100,2019-10-03,34828.246
09:40:28.246000,9.97,9.96,9.95,9.94,9.93,600,1403,305,300,1776,9.98,9.99,10.0,10.01,10.02,200,2932,1632,2001,2100,2019-10-03,34828.246
09:40:28.246000,9.97,9.96,9.95,9.94,9.93,600,1403,305,300,1776,9.98,9.99,10.0,10.01,10.02,100,2932,1632,2001,2100,2019-10-03,34828.246
09:40:40.901000,9.98,9.97,9.96,9.95,9.94,2633,900,1403,405,1400,10.0,10.01,10.02,10.03,10.04,1632,1000,2900,2200,1900,2019-10-03,34840.901
09:41:04.360000,9.99,9.98,9.97,9.96,9.95,700,2933,900,1303,2205,10.0,10.01,10.02,10.03,10.04,800,1100,1000,2300,2700,2019-10-03,34864.36
09:41:04.360000,9.99,9.98,9.97,9.96,9.95,600,2933,900,1303,2205,10.0,10.01,10.02,10.03,10.04,800,1100,1000,2300,2700,2019-10-03,34864.36
09:41:04.360000,9.99,9.98,9.97,9.96,9.95,500,2933,900,1303,2205,10.0,10.01,10.02,10.03,10.04,800,1100,1000,2300,2700,2019-10-03,34864.36
09:41:04.360000,9.99,9.98,9.97,9.96,9.95,400,2933,900,1303,2205,10.0,10.01,10.02,10.03,10.04,800,1100,1000,2300,2700,2019-10-03,34864.36
09:41:04.360000,9.99,9.98,9.97,9.96,9.95,300,2933,900,1303,2205,10.0,10.01,10.02,10.03,10.04,800,1100,1000,2300,2700,2019-10-03,34864.36
09:41:04.360000,9.99,9.98,9.97,9.96,9.95,100,2933,900,1303,2205,10.0,10.01,10.02,10.03,10.04,800,1100,1000,2300,2700,2019-10-03,34864.36
09:41:04.360000,9.98,9.97,9.96,9.95,9.94,2933,900,1303,2205,1400,10.0,10.01,10.02,10.03,10.04,800,1100,1000,2300,2700,2019-10-03,34864.36
09:41:04.361000,9.98,9.97,9.96,9.95,9.94,2833,900,1303,2205,1400,10.0,10.01,10.02,10.03,10.04,2000,1100,1000,2300,2700,2019-10-03,34864.361
09:41:04.361000,9.98,9.97,9.96,9.95,9.94,2833,900,1303,2205,1400,10.0,10.01,10.02,10.03,10.04,1700,1100,1000,2300,2700,2019-10-03,34864.361
09:41:04.361000,9.98,9.97,9.96,9.95,9.94,2833,900,1303,2205,1400,10.0,10.01,10.02,10.03,10.04,1237,1100,1000,2300,2700,2019-10-03,34864.361
09:41:04.361000,9.98,9.97,9.96,9.95,9.94,2733,900,1403,2205,1400,9.99,10.0,10.01,10.02,10.03,837,1345,1100,2000,2300,2019-10-03,34864.361
09:41:04.361000,9.98,9.97,9.96,9.95,9.94,2733,900,1403,2205,1400,9.99,10.0,10.01,10.02,10.03,800,1345,1100,2000,2300,2019-10-03,34864.361
09:41:04.361000,9.98,9.97,9.96,9.95,9.94,2733,900,1403,2205,1400,9.99,10.0,10.01,10.02,10.03,525,1345,1100,2000,2300,2019-10-03,34864.361
09:41:18.293000,9.98,9.97,9.96,9.95,9.94,2300,800,1703,1405,1400,9.99,10.0,10.01,10.02,10.03,700,800,800,2000,3200,2019-10-03,34878.293
09:41:18.293000,9.98,9.97,9.96,9.95,9.94,2200,800,1703,1405,1400,9.99,10.0,10.01,10.02,10.03,700,800,800,2000,3200,2019-10-03,34878.293
09:41:18.293000,9.98,9.97,9.96,9.95,9.94,2100,800,1703,1405,1400,9.99,10.0,10.01,10.02,10.03,700,800,800,2000,3200,2019-10-03,34878.293
09:41:18.293000,9.98,9.97,9.96,9.95,9.94,2000,800,1703,1405,1400,9.99,10.0,10.01,10.02,10.03,700,800,800,2000,3200,2019-10-03,34878.293
09:41:18.293000,9.97,9.96,9.95,9.94,9.93,800,1703,1405,1400,1776,9.99,10.0,10.01,10.02,10.03,700,800,800,2000,3200,2019-10-03,34878.293
09:41:18.774000,9.97,9.96,9.95,9.94,9.93,600,1703,1405,1400,1776,9.98,9.99,10.0,10.01,10.02,100,1100,1000,1800,2800,2019-10-03,34878.774
09:41:18.774000,9.97,9.96,9.95,9.94,9.93,600,1703,1405,1400,1776,9.99,10.0,10.01,10.02,10.03,1100,1000,1800,2800,2400,2019-10-03,34878.774
09:41:55.652000,9.98,9.97,9.96,9.95,9.94,100,500,1903,1805,1600,9.99,10.0,10.01,10.02,10.03,1100,900,1800,3100,2400,2019-10-03,34915.652
09:41:55.652000,9.97,9.96,9.95,9.94,9.93,500,1903,1805,1600,1976,9.99,10.0,10.01,10.02,10.03,1100,900,1800,3100,2400,2019-10-03,34915.652
09:42:00.075000,9.97,9.96,9.95,9.94,9.93,400,1903,1805,500,1976,9.98,9.99,10.0,10.01,10.02,1100,900,1600,1900,3200,2019-10-03,34920.075
09:42:00.075000,9.97,9.96,9.95,9.94,9.93,199,1903,1805,500,1976,9.98,9.99,10.0,10.01,10.02,1400,900,1600,1900,3200,2019-10-03,34920.075
09:42:00.700000,9.97,9.96,9.95,9.94,9.93,200,1903,1805,500,1876,9.98,9.99,10.0,10.01,10.02,1200,900,1600,1900,3200,2019-10-03,34920.7
09:42:00.700000,9.97,9.96,9.95,9.94,9.93,100,1903,1805,500,1876,9.98,9.99,10.0,10.01,10.02,1200,900,1600,1900,3200,2019-10-03,34920.7
09:42:00.700000,9.96,9.95,9.94,9.93,9.92,1903,1805,500,1876,1330,9.98,9.99,10.0,10.01,10.02,1200,900,1600,1900,3200,2019-10-03,34920.7
09:42:01.426000,9.96,9.95,9.94,9.93,9.92,2103,1805,700,976,2430,9.97,9.98,9.99,10.0,10.01,500,1300,2200,1600,2600,2019-10-03,34921.426
09:42:01.426000,9.96,9.95,9.94,9.93,9.92,2103,1805,700,976,2430,9.97,9.98,9.99,10.0,10.01,100,1300,2200,1600,2600,2019-10-03,34921.426
09:42:12.541000,9.97,9.96,9.95,9.94,9.93,940,2103,2005,700,1976,9.98,9.99,10.0,10.01,10.02,200,1200,1600,2700,2200,2019-10-03,34932.541
09:42:12.541000,9.97,9.96,9.95,9.94,9.93,940,2103,2005,700,1976,9.99,10.0,10.01,10.02,10.03,1200,1600,2700,2200,900,2019-10-03,34932.541
09:42:12.975000,9.97,9.96,9.95,9.94,9.93,1240,2103,2005,800,1976,9.99,10.0,10.01,10.02,10.03,1100,1600,2600,2300,900,2019-10-03,34932.975
09:42:34.811000,9.97,9.96,9.95,9.94,9.93,73,1803,1105,700,1976,9.98,9.99,10.0,10.01,10.02,900,1450,1600,2700,2300,2019-10-03,34954.811
09:42:34.811000,9.97,9.96,9.95,9.94,9.93,27,1803,1105,700,1976,9.98,9.99,10.0,10.01,10.02,942,1450,1600,2700,2300,2019-10-03,34954.811
09:42:34.811000,9.97,9.96,9.95,9.94,9.93,26,1803,1105,700,1976,9.98,9.99,10.0,10.01,10.02,800,1450,1600,2700,2300,2019-10-03,34954.811
09:42:47.895000,9.97,9.96,9.95,9.94,9.93,1191,1803,1105,900,2076,9.98,9.99,10.0,10.01,10.02,216,1400,1600,2700,2200,2019-10-03,34967.895
09:42:47.895000,9.97,9.96,9.95,9.94,9.93,1191,1803,1105,900,2076,9.98,9.99,10.0,10.01,10.02,116,1400,1600,2700,2200,2019-10-03,34967.895
09:42:47.895000,9.97,9.96,9.95,9.94,9.93,1191,1803,1105,900,2076,9.98,9.99,10.0,10.01,10.02,16,1400,1600,2700,2200,2019-10-03,34967.895
09:42:47.895000,9.97,9.96,9.95,9.94,9.93,1191,1803,1105,900,2076,9.99,10.0,10.01,10.02,10.03,1400,1600,2700,2200,900,2019-10-03,34967.895
09:42:47.895000,9.97,9.96,9.95,9.94,9.93,1791,1803,1105,900,2076,9.99,10.0,10.01,10.02,10.03,1000,1600,2700,2200,900,2019-10-03,34967.895
09:42:47.895000,9.97,9.96,9.95,9.94,9.93,1891,1803,1105,900,2076,9.99,10.0,10.01,10.02,10.03,1000,1600,2700,2200,900,2019-10-03,34967.895
09:42:47.896000,9.97,9.96,9.95,9.94,9.93,2191,1903,1105,900,2076,9.99,10.0,10.01,10.02,10.03,900,1600,2700,2200,900,2019-10-03,34967.896
09:42:47.896000,9.98,9.97,9.96,9.95,9.94,1243,1148,1903,1105,1900,9.99,10.0,10.01,10.02,10.03,1001,1600,2700,2200,900,2019-10-03,34967.896
09:42:47.896000,9.98,9.97,9.96,9.95,9.94,1043,1148,1903,1105,1900,9.99,10.0,10.01,10.02,10.03,1001,1600,2700,2200,900,2019-10-03,34967.896
09:42:47.896000,9.98,9.97,9.96,9.95,9.94,1000,1148,1903,1105,1900,9.99,10.0,10.01,10.02,10.03,1001,1600,2700,2200,900,2019-10-03,34967.896
09:42:47.896000,9.98,9.97,9.96,9.95,9.94,943,1148,1903,1105,1900,9.99,10.0,10.01,10.02,10.03,1001,1600,2700,2200,900,2019-10-03,34967.896
09:42:47.896000,9.98,9.97,9.96,9.95,9.94,942,1148,1903,1105,1900,9.99,10.0,10.01,10.02,10.03,2044,1600,2700,2200,900,2019-10-03,34967.896
09:42:48.850000,9.98,9.97,9.96,9.95,9.94,600,1626,2203,1005,1700,9.99,10.0,10.01,10.02,10.03,601,600,1800,2300,1600,2019-10-03,34968.85
09:42:48.850000,9.98,9.97,9.96,9.95,9.94,600,1626,2203,1005,1700,9.99,10.0,10.01,10.02,10.03,501,600,1800,2300,1600,2019-10-03,34968.85
09:42:48.850000,9.98,9.97,9.96,9.95,9.94,600,1626,2203,1005,1700,9.99,10.0,10.01,10.02,10.03,401,600,1800,2300,1600,2019-10-03,34968.85
09:42:48.850000,9.98,9.97,9.96,9.95,9.94,600,1626,2203,1005,1700,9.99,10.0,10.01,10.02,10.03,301,600,1800,2300,1600,2019-10-03,34968.85
09:42:48.850000,9.98,9.97,9.96,9.95,9.94,600,1626,2203,1005,1700,9.99,10.0,10.01,10.02,10.03,201,600,1800,2300,1600,2019-10-03,34968.85
09:42:48.850000,9.98,9.97,9.96,9.95,9.94,600,1626,2203,1005,1700,9.99,10.0,10.01,10.02,10.03,200,600,1800,2300,1600,2019-10-03,34968.85
09:42:48.850000,9.98,9.97,9.96,9.95,9.94,600,1626,2203,1005,1700,9.99,10.0,10.01,10.02,10.03,100,600,1800,2300,1600,2019-10-03,34968.85
09:42:48.850000,9.98,9.97,9.96,9.95,9.94,600,1626,2203,1005,1700,10.0,10.01,10.02,10.03,10.04,600,1800,2300,1600,800,2019-10-03,34968.85
09:43:35.177000,9.99,9.98,9.97,9.96,9.95,500,800,926,1703,1605,10.0,10.01,10.02,10.03,10.04,400,500,1100,2600,1600,2019-10-03,35015.177
09:43:35.177000,9.99,9.98,9.97,9.96,9.95,500,800,926,1703,1605,10.0,10.01,10.02,10.03,10.04,300,500,1100,2600,1600,2019-10-03,35015.177
09:43:35.177000,9.99,9.98,9.97,9.96,9.95,500,800,926,1703,1605,10.0,10.01,10.02,10.03,10.04,200,500,1100,2600,1600,2019-10-03,35015.177
09:43:35.177000,9.99,9.98,9.97,9.96,9.95,500,800,926,1703,1605,10.0,10.01,10.02,10.03,10.04,100,500,1100,2600,1600,2019-10-03,35015.177
09:43:35.177000,9.99,9.98,9.97,9.96,9.95,1132,800,926,1703,1605,10.01,10.02,10.03,10.04,10.05,500,1100,2600,1600,600,2019-10-03,35015.177
09:43:35.390000,9.99,9.98,9.97,9.96,9.95,500,800,926,1803,1605,10.01,10.02,10.03,10.04,10.05,800,1100,2400,1600,600,2019-10-03,35015.39
09:43:37.004000,9.99,9.98,9.97,9.96,9.95,400,800,1026,1703,1505,10.0,10.01,10.02,10.03,10.04,300,600,1100,2500,1700,2019-10-03,35017.004
09:43:37.004000,9.99,9.98,9.97,9.96,9.95,400,800,1026,1703,1505,10.01,10.02,10.03,10.04,10.05,600,1100,2500,1700,600,2019-10-03,35017.004
09:43:37.708000,10.0,9.99,9.98,9.97,9.96,500,500,700,1000,2603,10.01,10.02,10.03,10.04,10.05,100,1100,600,1500,1500,2019-10-03,35017.708
09:43:37.708000,10.0,9.99,9.98,9.97,9.96,500,500,700,1000,2603,10.02,10.03,10.04,10.05,10.06,1100,600,1500,1500,1800,2019-10-03,35017.708
09:43:37.861000,10.01,10.0,9.99,9.98,9.97,100,600,700,700,1900,10.02,10.03,10.04,10.05,10.06,400,600,1500,1500,1800,2019-10-03,35017.861
09:43:41.030000,10.0,9.99,9.98,9.97,9.96,100,700,648,1000,2803,10.01,10.02,10.03,10.04,10.05,1244,600,1500,1600,1600,2019-10-03,35021.03
09:43:41.030000,9.99,9.98,9.97,9.96,9.95,700,648,1000,2803,1605,10.01,10.02,10.03,10.04,10.05,1244,600,1500,1600,1600,2019-10-03,35021.03
09:44:16.996000,9.99,9.98,9.97,9.96,9.95,300,648,1100,1903,1705,10.0,10.01,10.02,10.03,10.04,900,1344,1600,1600,2400,2019-10-03,35056.996
09:44:16.996000,9.99,9.98,9.97,9.96,9.95,300,648,1100,1903,1705,10.0,10.01,10.02,10.03,10.04,700,1344,1600,1600,2400,2019-10-03,35056.996
09:44:16.996000,9.99,9.98,9.97,9.96,9.95,300,648,1100,1903,1705,10.0,10.01,10.02,10.03,10.04,500,1344,1600,1600,2400,2019-10-03,35056.996
09:44:16.996000,9.99,9.98,9.97,9.96,9.95,300,648,1100,1903,1705,10.0,10.01,10.02,10.03,10.04,100,1344,1600,1600,2400,2019-10-03,35056.996
09:44:16.996000,9.99,9.98,9.97,9.96,9.95,300,648,1100,1903,1705,10.01,10.02,10.03,10.04,10.05,1344,1600,1600,2400,600,2019-10-03,35056.996
09:44:18.710000,10.0,9.99,9.98,9.97,9.96,500,800,848,1200,2803,10.01,10.02,10.03,10.04,10.05,400,600,1500,2400,600,2019-10-03,35058.71
09:44:18.710000,10.0,9.99,9.98,9.97,9.96,500,800,848,1200,2803,10.01,10.02,10.03,10.04,10.05,300,600,1500,2400,600,2019-10-03,35058.71
09:44:18.710000,10.0,9.99,9.98,9.97,9.96,500,800,848,1200,2803,10.01,10.02,10.03,10.04,10.05,200,600,1500,2400,600,2019-10-03,35058.71
09:44:18.710000,10.0,9.99,9.98,9.97,9.96,500,800,848,1200,2803,10.02,10.03,10.04,10.05,10.06,600,1500,2400,600,1700,2019-10-03,35058.71
09:44:19.094000,10.01,10.0,9.99,9.98,9.97,648,800,900,848,2000,10.02,10.03,10.04,10.05,10.06,500,1900,1500,700,2500,2019-10-03,35059.094
09:44:26.912000,10.01,10.0,9.99,9.98,9.97,100,600,500,1548,1700,10.02,10.03,10.04,10.05,10.06,1700,1000,1500,600,2600,2019-10-03,35066.912
09:44:26.912000,10.0,9.99,9.98,9.97,9.96,600,500,1548,1700,2803,10.02,10.03,10.04,10.05,10.06,1700,1000,1500,600,2600,2019-10-03,35066.912
09:45:06.348000,10.0,9.99,9.98,9.97,9.96,600,500,748,1700,2803,10.01,10.02,10.03,10.04,10.05,994,1200,900,2200,1400,2019-10-03,35106.348
09:45:06.348000,10.0,9.99,9.98,9.97,9.96,650,500,748,1700,2803,10.01,10.02,10.03,10.04,10.05,500,1200,900,2200,1400,2019-10-03,35106.348
09:45:06.348000,10.0,9.99,9.98,9.97,9.96,650,500,748,1700,2803,10.01,10.02,10.03,10.04,10.05,300,1200,900,2200,1400,2019-10-03,35106.348
09:45:06.348000,10.0,9.99,9.98,9.97,9.96,650,500,748,1700,2803,10.01,10.02,10.03,10.04,10.05,206,1200,900,2200,1400,2019-10-03,35106.348
09:45:06.349000,10.0,9.99,9.98,9.97,9.96,1000,500,748,1700,2803,10.01,10.02,10.03,10.04,10.05,1005,1200,900,2200,1400,2019-10-03,35106.349
09:45:12.506000,9.99,9.98,9.97,9.96,9.95,500,848,1700,2803,1605,10.01,10.02,10.03,10.04,10.05,1400,1200,900,2200,1500,2019-10-03,35112.506
09:45:24.565000,10.0,9.99,9.98,9.97,9.96,1300,1100,948,2000,3203,10.01,10.02,10.03,10.04,10.05,900,900,900,3100,500,2019-10-03,35124.565
09:45:24.565000,10.0,9.99,9.98,9.97,9.96,1300,1100,948,2000,3203,10.01,10.02,10.03,10.04,10.05,200,900,900,3100,500,2019-10-03,35124.565
09:45:24.565000,10.0,9.99,9.98,9.97,9.96,1300,1100,948,2000,3203,10.01,10.02,10.03,10.04,10.05,100,900,900,3100,500,2019-10-03,35124.565
09:45:24.565000,10.0,9.99,9.98,9.97,9.96,1300,1100,948,2000,3203,10.02,10.03,10.04,10.05,10.06,900,900,3100,500,1700,2019-10-03,35124.565
09:45:24.568000,10.01,10.0,9.99,9.98,9.97,551,1200,1200,1848,2000,10.02,10.03,10.04,10.05,10.06,1300,900,2200,600,2500,2019-10-03,35124.568
09:45:24.568000,10.01,10.0,9.99,9.98,9.97,151,1200,1200,1848,2000,10.02,10.03,10.04,10.05,10.06,1300,900,2200,600,2500,2019-10-03,35124.568
09:45:24.568000,10.01,10.0,9.99,9.98,9.97,100,1200,1200,1848,2000,10.02,10.03,10.04,10.05,10.06,1300,900,2200,600,2500,2019-10-03,35124.568
09:45:24.568000,10.0,9.99,9.98,9.97,9.96,1200,1200,1848,2000,3203,10.02,10.03,10.04,10.05,10.06,1300,900,2200,600,2500,2019-10-03,35124.568
09:45:31.779000,10.0,9.99,9.98,9.97,9.96,600,1100,1100,2000,3203,10.01,10.02,10.03,10.04,10.05,1151,1500,900,2300,1300,2019-10-03,35131.779
09:45:31.779000,10.0,9.99,9.98,9.97,9.96,600,1100,1100,2000,3203,10.01,10.02,10.03,10.04,10.05,1100,1500,900,2300,1300,2019-10-03,35131.779
09:45:31.779000,10.0,9.99,9.98,9.97,9.96,600,1100,1100,2000,3203,10.01,10.02,10.03,10.04,10.05,300,1500,900,2300,1300,2019-10-03,35131.779
09:45:31.779000,10.0,9.99,9.98,9.97,9.96,600,1100,1100,2000,3203,10.02,10.03,10.04,10.05,10.06,1500,900,2300,1300,1800,2019-10-03,35131.779
09:45:31.779000,10.0,9.99,9.98,9.97,9.96,1490,1100,1100,2000,3203,10.01,10.02,10.03,10.04,10.05,100,1200,900,2300,1300,2019-10-03,35131.779
09:45:31.779000,10.0,9.99,9.98,9.97,9.96,1490,1100,1100,2000,3203,10.02,10.03,10.04,10.05,10.06,1200,900,2300,1300,1800,2019-10-03,35131.779
09:45:31.779000,10.0,9.99,9.98,9.97,9.96,2152,1100,1100,2000,3203,10.02,10.03,10.04,10.05,10.06,1200,900,2300,1300,1800,2019-10-03,35131.779
09:45:31.780000,10.0,9.99,9.98,9.97,9.96,3090,1200,1100,2000,3203,10.01,10.02,10.03,10.04,10.05,534,1200,900,2300,1300,2019-10-03,35131.78
09:45:31.781000,10.01,10.0,9.99,9.98,9.97,882,838,1200,2000,2000,10.02,10.03,10.04,10.05,10.06,1270,900,2300,1300,1800,2019-10-03,35131.781
09:45:31.781000,10.01,10.0,9.99,9.98,9.97,830,838,1200,2000,2000,10.02,10.03,10.04,10.05,10.06,1270,900,2300,1300,1800,2019-10-03,35131.781
09:45:31.781000,10.01,10.0,9.99,9.98,9.97,800,838,1200,2000,2000,10.02,10.03,10.04,10.05,10.06,1270,900,2300,1300,1800,2019-10-03,35131.781
09:45:31.781000,10.01,10.0,9.99,9.98,9.97,400,838,1200,2000,2000,10.02,10.03,10.04,10.05,10.06,1270,900,2300,1300,1800,2019-10-03,35131.781
09:45:31.781000,10.0,9.99,9.98,9.97,9.96,838,1200,2000,2000,3203,10.02,10.03,10.04,10.05,10.06,1270,900,2300,1300,1800,2019-10-03,35131.781
09:45:41.680000,10.0,9.99,9.98,9.97,9.96,1300,1200,1100,2000,3203,10.01,10.02,10.03,10.04,10.05,1000,1500,900,2200,1300,2019-10-03,35141.68
09:45:41.680000,10.0,9.99,9.98,9.97,9.96,1300,1200,1100,2000,3203,10.01,10.02,10.03,10.04,10.05,900,1500,900,2200,1300,2019-10-03,35141.68
09:45:41.680000,10.0,9.99,9.98,9.97,9.96,1300,1200,1100,2000,3203,10.01,10.02,10.03,10.04,10.05,400,1500,900,2200,1300,2019-10-03,35141.68
09:45:41.680000,10.0,9.99,9.98,9.97,9.96,1300,1200,1100,2000,3203,10.01,10.02,10.03,10.04,10.05,100,1500,900,2200,1300,2019-10-03,35141.68
09:45:41.680000,10.0,9.99,9.98,9.97,9.96,1300,1200,1100,2000,3203,10.02,10.03,10.04,10.05,10.06,1500,900,2200,1300,1800,2019-10-03,35141.68
09:45:41.914000,10.01,10.0,9.99,9.98,9.97,1954,1800,1300,2000,2000,10.02,10.03,10.04,10.05,10.06,100,900,2200,1300,1700,2019-10-03,35141.914
09:45:41.914000,10.01,10.0,9.99,9.98,9.97,1954,1800,1300,2000,2000,10.03,10.04,10.05,10.06,10.07,900,2200,1300,1700,700,2019-10-03,35141.914
09:45:41.915000,10.01,10.0,9.99,9.98,9.97,2708,1800,1300,2000,2000,10.02,10.03,10.04,10.05,10.06,142,900,2200,1300,1800,2019-10-03,35141.915
09:45:41.915000,10.01,10.0,9.99,9.98,9.97,2908,1800,1300,2000,2000,10.02,10.03,10.04,10.05,10.06,100,900,2200,1300,1800,2019-10-03,35141.915
09:45:41.915000,10.01,10.0,9.99,9.98,9.97,2908,1800,1300,2000,2000,10.02,10.03,10.04,10.05,10.06,58,900,2200,1300,1800,2019-10-03,35141.915
09:45:41.915000,10.01,10.0,9.99,9.98,9.97,3008,1800,1300,2000,2000,10.03,10.04,10.05,10.06,10.07,900,2200,1300,1800,700,2019-10-03,35141.915
09:45:43.485000,10.02,10.01,10.0,9.99,9.98,600,1654,1200,2000,1900,10.03,10.04,10.05,10.06,10.07,707,1100,500,1800,1400,2019-10-03,35143.485
09:46:00.569000,10.02,10.01,10.0,9.99,9.98,1000,1954,900,1900,2100,10.03,10.04,10.05,10.06,10.07,700,1300,1400,2600,1400,2019-10-03,35160.569
09:46:00.569000,10.02,10.01,10.0,9.99,9.98,1000,1954,900,1900,2100,10.03,10.04,10.05,10.06,10.07,622,1300,1400,2600,1400,2019-10-03,35160.569
09:46:00.569000,10.02,10.01,10.0,9.99,9.98,1654,1954,900,1900,2100,10.03,10.04,10.05,10.06,10.07,600,1300,1400,2600,1400,2019-10-03,35160.569
09:46:00.569000,10.02,10.01,10.0,9.99,9.98,1654,1954,900,1900,2100,10.03,10.04,10.05,10.06,10.07,300,1300,1400,2600,1400,2019-10-03,35160.569
09:46:00.569000,10.02,10.01,10.0,9.99,9.98,1654,1954,900,1900,2100,10.03,10.04,10.05,10.06,10.07,178,1300,1400,2600,1400,2019-10-03,35160.569
09:46:00.569000,10.02,10.01,10.0,9.99,9.98,1654,1954,900,1900,2100,10.03,10.04,10.05,10.06,10.07,100,1300,1400,2600,1400,2019-10-03,35160.569
09:46:00.569000,10.02,10.01,10.0,9.99,9.98,1654,1954,900,1900,2100,10.04,10.05,10.06,10.07,10.08,1300,1400,2600,1400,1700,2019-10-03,35160.569
09:46:06.089000,10.04,10.03,10.02,10.01,10.0,932,1300,1400,2454,2100,10.06,10.07,10.08,10.09,10.1,1600,1600,2500,1400,1700,2019-10-03,35166.089
09:47:13.038000,10.05,10.04,10.03,10.02,10.01,800,932,1300,3100,2200,10.06,10.07,10.08,10.09,10.1,1100,800,800,2700,1800,2019-10-03,35233.038
09:47:13.038000,10.05,10.04,10.03,10.02,10.01,700,932,1300,3100,2200,10.06,10.07,10.08,10.09,10.1,1100,800,800,2700,1800,2019-10-03,35233.038
09:47:13.038000,10.05,10.04,10.03,10.02,10.01,500,932,1300,3100,2200,10.06,10.07,10.08,10.09,10.1,1100,800,800,2700,1800,2019-10-03,35233.038
09:47:13.038000,10.05,10.04,10.03,10.02,10.01,400,932,1300,3100,2200,10.06,10.07,10.08,10.09,10.1,1100,800,800,2700,1800,2019-10-03,35233.038
09:47:13.038000,10.05,10.04,10.03,10.02,10.01,200,932,1300,3100,2200,10.06,10.07,10.08,10.09,10.1,1100,800,800,2700,1800,2019-10-03,35233.038
09:47:13.038000,10.05,10.04,10.03,10.02,10.01,100,932,1300,3100,2200,10.06,10.07,10.08,10.09,10.1,1100,800,800,2700,1800,2019-10-03,35233.038
09:47:13.038000,10.04,10.03,10.02,10.01,10.0,932,1300,3100,2200,1700,10.06,10.07,10.08,10.09,10.1,1100,800,800,2700,1800,2019-10-03,35233.038
09:47:13.038000,10.05,10.04,10.03,10.02,10.01,190,932,1300,3100,2200,10.06,10.07,10.08,10.09,10.1,2457,800,800,2700,1800,2019-10-03,35233.038
09:47:13.038000,10.05,10.04,10.03,10.02,10.01,100,932,1300,3100,2200,10.06,10.07,10.08,10.09,10.1,2457,800,800,2700,1800,2019-10-03,35233.038
09:47:13.038000,10.04,10.03,10.02,10.01,10.0,932,1300,3100,2200,1700,10.06,10.07,10.08,10.09,10.1,2457,800,800,2700,1800,2019-10-03,35233.038
09:47:26.429000,10.04,10.03,10.02,10.01,10.0,20,1300,1400,2400,1700,10.05,10.06,10.07,10.08,10.09,2090,1500,900,2300,2800,2019-10-03,35246.429
09:47:26.429000,10.03,10.02,10.01,10.0,9.99,1300,1400,2400,1700,2000,10.05,10.06,10.07,10.08,10.09,2033,1500,900,2300,2800,2019-10-03,35246.429
09:47:34.705000,10.04,10.03,10.02,10.01,10.0,800,1405,1300,2500,1700,10.05,10.06,10.07,10.08,10.09,600,1500,800,2700,1600,2019-10-03,35254.705
09:47:34.705000,10.04,10.03,10.02,10.01,10.0,800,1405,1300,2500,1700,10.05,10.06,10.07,10.08,10.09,500,1500,800,2700,1600,2019-10-03,35254.705
09:47:34.705000,10.04,10.03,10.02,10.01,10.0,800,1405,1300,2500,1700,10.05,10.06,10.07,10.08,10.09,300,1500,800,2700,1600,2019-10-03,35254.705
09:47:34.705000,10.04,10.03,10.02,10.01,10.0,800,1405,1300,2500,1700,10.05,10.06,10.07,10.08,10.09,100,1500,800,2700,1600,2019-10-03,35254.705
09:47:34.705000,10.04,10.03,10.02,10.01,10.0,800,1405,1300,2500,1700,10.06,10.07,10.08,10.09,10.1,1500,800,2700,1600,1800,2019-10-03,35254.705
09:47:38.038000,10.04,10.03,10.02,10.01,10.0,800,1348,2200,2500,1700,10.06,10.07,10.08,10.09,10.1,1100,800,1800,1600,2700,2019-10-03,35258.038
09:47:42.178000,10.04,10.03,10.02,10.01,10.0,994,1248,1300,2500,1700,10.06,10.07,10.08,10.09,10.1,1500,800,1700,2200,1700,2019-10-03,35262.178
09:48:12.466000,10.04,10.03,10.02,10.01,10.0,100,1248,1300,2800,1700,10.05,10.06,10.07,10.08,10.09,1500,1800,1700,1900,2300,2019-10-03,35292.466
09:48:12.466000,10.03,10.02,10.01,10.0,9.99,1248,1300,2800,1700,2000,10.05,10.06,10.07,10.08,10.09,1500,1800,1700,1900,2300,2019-10-03,35292.466
09:48:22.740000,10.03,10.02,10.01,10.0,9.99,448,1100,1900,2400,2000,10.04,10.05,10.06,10.07,10.08,900,1800,2700,2000,2600,2019-10-03,35302.74
09:48:22.740000,10.03,10.02,10.01,10.0,9.99,348,1100,1900,2400,2000,10.04,10.05,10.06,10.07,10.08,900,1800,2700,2000,2600,2019-10-03,35302.74
09:48:22.740000,10.03,10.02,10.01,10.0,9.99,248,1100,1900,2400,2000,10.04,10.05,10.06,10.07,10.08,900,1800,2700,2000,2600,2019-10-03,35302.74
09:48:22.740000,10.03,10.02,10.01,10.0,9.99,148,1100,1900,2400,2000,10.04,10.05,10.06,10.07,10.08,900,1800,2700,2000,2600,2019-10-03,35302.74
09:48:22.740000,10.03,10.02,10.01,10.0,9.99,48,1100,1900,2400,2000,10.04,10.05,10.06,10.07,10.08,900,1800,2700,2000,2600,2019-10-03,35302.74
09:48:22.740000,10.02,10.01,10.0,9.99,9.98,1100,1900,2400,2000,700,10.04,10.05,10.06,10.07,10.08,900,1800,2700,2000,2600,2019-10-03,35302.74
09:48:24.663000,10.01,10.0,9.99,9.98,9.97,2000,900,2000,700,1600,10.03,10.04,10.05,10.06,10.07,3860,1000,2500,2900,2900,2019-10-03,35304.663
09:48:28.191000,10.01,10.0,9.99,9.98,9.97,2200,850,1100,1800,1600,10.02,10.03,10.04,10.05,10.06,400,3660,1900,2600,3600,2019-10-03,35308.191
09:48:28.191000,10.01,10.0,9.99,9.98,9.97,2200,850,1100,1800,1600,10.02,10.03,10.04,10.05,10.06,100,3660,1900,2600,3600,2019-10-03,35308.191
09:48:28.191000,10.01,10.0,9.99,9.98,9.97,2200,850,1100,1800,1600,10.03,10.04,10.05,10.06,10.07,3660,1900,2600,3600,2100,2019-10-03,35308.191
09:48:30.856000,10.01,10.0,9.99,9.98,9.97,2200,1000,2000,1800,1600,10.03,10.04,10.05,10.06,10.07,3660,1700,2600,3800,2200,2019-10-03,35310.856
09:49:14.449000,10.01,10.0,9.99,9.98,9.97,100,1100,1100,2000,1900,10.02,10.03,10.04,10.05,10.06,700,3460,2600,2900,3600,2019-10-03,35354.449
09:49:14.449000,10.0,9.99,9.98,9.97,9.96,1100,1100,2000,1900,1503,10.02,10.03,10.04,10.05,10.06,700,3460,2600,2900,3600,2019-10-03,35354.449
09:49:15.100000,10.01,10.0,9.99,9.98,9.97,100,1100,1100,1700,1900,10.02,10.03,10.04,10.05,10.06,600,3460,2600,2900,3600,2019-10-03,35355.1
09:49:15.100000,10.01,10.0,9.99,9.98,9.97,100,1100,1100,1700,1900,10.02,10.03,10.04,10.05,10.06,500,3460,2600,2900,3600,2019-10-03,35355.1
09:49:15.823000,10.01,10.0,9.99,9.98,9.97,500,1100,1100,1700,1900,10.02,10.03,10.04,10.05,10.06,700,3260,2600,2800,3700,2019-10-03,35355.823
09:49:20.791000,10.01,10.0,9.99,9.98,9.97,500,1100,1100,2300,1900,10.02,10.03,10.04,10.05,10.06,607,3260,2600,3000,3700,2019-10-03,35360.791
09:49:20.791000,10.01,10.0,9.99,9.98,9.97,400,1100,1100,2300,1900,10.02,10.03,10.04,10.05,10.06,607,3260,2600,3000,3700,2019-10-03,35360.791
09:49:20.791000,10.01,10.0,9.99,9.98,9.97,300,1100,1100,2300,1900,10.02,10.03,10.04,10.05,10.06,607,3260,2600,3000,3700,2019-10-03,35360.791
09:49:20.791000,10.01,10.0,9.99,9.98,9.97,100,1100,1100,2300,1900,10.02,10.03,10.04,10.05,10.06,607,3260,2600,3000,3700,2019-10-03,35360.791
09:49:20.791000,10.0,9.99,9.98,9.97,9.96,1100,1100,2300,1900,1403,10.02,10.03,10.04,10.05,10.06,607,3260,2600,3000,3700,2019-10-03,35360.791
09:49:21.538000,10.0,9.99,9.98,9.97,9.96,1800,1100,1400,1900,1403,10.01,10.02,10.03,10.04,10.05,763,507,3760,2700,4000,2019-10-03,35361.538
09:49:21.538000,10.0,9.99,9.98,9.97,9.96,1800,1100,1400,1900,1403,10.01,10.02,10.03,10.04,10.05,700,507,3760,2700,4000,2019-10-03,35361.538
09:49:21.538000,10.0,9.99,9.98,9.97,9.96,1800,1100,1400,1900,1403,10.01,10.02,10.03,10.04,10.05,300,507,3760,2700,4000,2019-10-03,35361.538
09:49:21.538000,10.0,9.99,9.98,9.97,9.96,1800,1100,1400,1900,1403,10.02,10.03,10.04,10.05,10.06,507,3760,2700,4000,2800,2019-10-03,35361.538
09:49:21.538000,10.0,9.99,9.98,9.97,9.96,1700,1100,1400,1900,1403,10.02,10.03,10.04,10.05,10.06,507,3760,2700,4000,2800,2019-10-03,35361.538
09:49:21.538000,10.0,9.99,9.98,9.97,9.96,1663,1100,1400,1900,1403,10.02,10.03,10.04,10.05,10.06,507,3760,2700,4000,2800,2019-10-03,35361.538
09:49:21.538000,10.0,9.99,9.98,9.97,9.96,2163,1100,1400,1900,1403,10.02,10.03,10.04,10.05,10.06,507,3760,2700,4000,2800,2019-10-03,35361.538
09:49:21.538000,10.0,9.99,9.98,9.97,9.96,2467,1100,1400,1900,1403,10.02,10.03,10.04,10.05,10.06,507,3760,2700,4000,2800,2019-10-03,35361.538
09:49:21.538000,10.0,9.99,9.98,9.97,9.96,2726,1100,1400,1900,1403,10.02,10.03,10.04,10.05,10.06,507,3760,2700,4000,2800,2019-10-03,35361.538
09:49:21.539000,10.0,9.99,9.98,9.97,9.96,3063,1100,1400,1900,1403,10.01,10.02,10.03,10.04,10.05,569,507,3760,2700,4000,2019-10-03,35361.539
09:49:21.539000,10.0,9.99,9.98,9.97,9.96,3026,1100,1400,1900,1403,10.01,10.02,10.03,10.04,10.05,569,507,3760,2700,4000,2019-10-03,35361.539
09:49:21.545000,10.0,9.99,9.98,9.97,9.96,1600,1100,1400,1900,1403,10.01,10.02,10.03,10.04,10.05,669,507,3760,2700,4000,2019-10-03,35361.545
09:49:21.545000,10.0,9.99,9.98,9.97,9.96,1226,1100,1400,1900,1403,10.01,10.02,10.03,10.04,10.05,669,507,3760,2700,4000,2019-10-03,35361.545
09:49:42.810000,10.0,9.99,9.98,9.97,9.96,1500,2200,1800,2700,2303,10.01,10.02,10.03,10.04,10.05,600,900,3660,3000,3600,2019-10-03,35382.81
09:49:42.810000,10.0,9.99,9.98,9.97,9.96,1500,2200,1800,2700,2303,10.01,10.02,10.03,10.04,10.05,500,900,3660,3000,3600,2019-10-03,35382.81
09:49:42.810000,10.0,9.99,9.98,9.97,9.96,1500,2200,1800,2700,2303,10.01,10.02,10.03,10.04,10.05,200,900,3660,3000,3600,2019-10-03,35382.81
09:49:42.810000,10.0,9.99,9.98,9.97,9.96,1500,2200,1800,2700,2303,10.02,10.03,10.04,10.05,10.06,900,3660,3000,3600,2300,2019-10-03,35382.81
09:49:43.090000,10.0,9.99,9.98,9.97,9.96,2100,2200,1800,2700,2303,10.03,10.04,10.05,10.06,10.07,3660,3000,3500,2300,900,2019-10-03,35383.09
09:49:44.014000,10.0,9.99,9.98,9.97,9.96,2000,2200,1800,2700,2303,10.01,10.02,10.03,10.04,10.05,300,1996,3860,2600,3200,2019-10-03,35384.014
09:49:44.014000,10.0,9.99,9.98,9.97,9.96,1900,2200,1800,2700,2303,10.01,10.02,10.03,10.04,10.05,300,1996,3860,2600,3200,2019-10-03,35384.014
09:49:50.848000,10.0,9.99,9.98,9.97,9.96,1200,2200,1500,2700,2303,10.01,10.02,10.03,10.04,10.05,600,1996,3860,3100,3200,2019-10-03,35390.848
09:49:50.848000,10.0,9.99,9.98,9.97,9.96,1200,2200,1500,2700,2303,10.01,10.02,10.03,10.04,10.05,500,1996,3860,3100,3200,2019-10-03,35390.848
09:49:50.848000,10.0,9.99,9.98,9.97,9.96,1200,2200,1500,2700,2303,10.01,10.02,10.03,10.04,10.05,300,1996,3860,3100,3200,2019-10-03,35390.848
09:49:50.848000,10.0,9.99,9.98,9.97,9.96,1739,2200,1500,2700,2303,10.01,10.02,10.03,10.04,10.05,200,1996,3860,3100,3200,2019-10-03,35390.848
09:49:50.848000,10.0,9.99,9.98,9.97,9.96,2039,2200,1500,2700,2303,10.01,10.02,10.03,10.04,10.05,199,1996,3860,3100,3200,2019-10-03,35390.848
09:49:50.848000,10.0,9.99,9.98,9.97,9.96,2039,2200,1500,2700,2303,10.01,10.02,10.03,10.04,10.05,198,1996,3860,3100,3200,2019-10-03,35390.848
09:49:51.259000,10.0,9.99,9.98,9.97,9.96,800,2200,1500,2700,2303,10.01,10.02,10.03,10.04,10.05,100,1996,3860,3100,3200,2019-10-03,35391.259
09:49:51.259000,10.0,9.99,9.98,9.97,9.96,800,2200,1500,2700,2303,10.02,10.03,10.04,10.05,10.06,1996,3860,3100,3200,2300,2019-10-03,35391.259
09:49:51.713000,10.01,10.0,9.99,9.98,9.97,400,1000,2200,2100,2700,10.02,10.03,10.04,10.05,10.06,1700,3660,3000,3400,2300,2019-10-03,35391.713
09:49:52.366000,10.01,10.0,9.99,9.98,9.97,600,1000,2200,2100,2700,10.02,10.03,10.04,10.05,10.06,700,2760,3000,3300,2300,2019-10-03,35392.366
09:49:52.366000,10.01,10.0,9.99,9.98,9.97,600,1000,2200,2100,2700,10.02,10.03,10.04,10.05,10.06,600,2760,3000,3300,2300,2019-10-03,35392.366
09:49:52.366000,10.01,10.0,9.99,9.98,9.97,600,1000,2200,2100,2700,10.02,10.03,10.04,10.05,10.06,500,2760,3000,3300,2300,2019-10-03,35392.366
09:49:54.884000,10.01,10.0,9.99,9.98,9.97,500,1100,2200,2000,2700,10.02,10.03,10.04,10.05,10.06,500,2760,3000,3300,2300,2019-10-03,35394.884
09:49:54.884000,10.01,10.0,9.99,9.98,9.97,400,1100,2200,2000,2700,10.02,10.03,10.04,10.05,10.06,500,2760,3000,3300,2300,2019-10-03,35394.884
09:49:54.884000,10.01,10.0,9.99,9.98,9.97,300,1100,2200,2000,2700,10.02,10.03,10.04,10.05,10.06,500,2760,3000,3300,2300,2019-10-03,35394.884
09:49:54.884000,10.01,10.0,9.99,9.98,9.97,200,1100,2200,2000,2700,10.02,10.03,10.04,10.05,10.06,500,2760,3000,3300,2300,2019-10-03,35394.884
09:49:54.884000,10.0,9.99,9.98,9.97,9.96,1100,2200,2000,2700,2303,10.02,10.03,10.04,10.05,10.06,500,2760,3000,3300,2300,2019-10-03,35394.884
09:49:55.557000,10.0,9.99,9.98,9.97,9.96,200,2200,1100,2700,2303,10.01,10.02,10.03,10.04,10.05,3865,500,3660,3100,3400,2019-10-03,35395.557
09:49:55.557000,10.0,9.99,9.98,9.97,9.96,100,2200,1100,2700,2303,10.01,10.02,10.03,10.04,10.05,3865,500,3660,3100,3400,2019-10-03,35395.557
09:49:55.557000,9.99,9.98,9.97,9.96,9.95,2200,1100,2700,2303,1705,10.01,10.02,10.03,10.04,10.05,3865,500,3660,3100,3400,2019-10-03,35395.557
09:49:55.557000,10.0,9.99,9.98,9.97,9.96,154,2200,1100,2700,2303,10.01,10.02,10.03,10.04,10.05,5869,500,3660,3100,3400,2019-10-03,35395.557
09:49:55.557000,10.0,9.99,9.98,9.97,9.96,100,2200,1100,2700,2303,10.01,10.02,10.03,10.04,10.05,5569,900,3660,3100,3400,2019-10-03,35395.557
09:49:55.557000,10.0,9.99,9.98,9.97,9.96,146,2200,1100,2700,2303,10.01,10.02,10.03,10.04,10.05,5269,900,3660,3100,3400,2019-10-03,35395.557
09:49:55.557000,10.0,9.99,9.98,9.97,9.96,54,2200,1100,2700,2303,10.01,10.02,10.03,10.04,10.05,5269,900,3660,3100,3400,2019-10-03,35395.557
09:50:59.781000,10.0,9.99,9.98,9.97,9.96,200,2200,1200,2800,2303,10.01,10.02,10.03,10.04,10.05,3265,800,2860,3600,3300,2019-10-03,35459.781
09:50:59.781000,10.0,9.99,9.98,9.97,9.96,100,2200,1200,2800,2303,10.01,10.02,10.03,10.04,10.05,3265,800,2860,3600,3300,2019-10-03,35459.781
09:50:59.781000,9.99,9.98,9.97,9.96,9.95,2200,1200,2800,2303,1805,10.01,10.02,10.03,10.04,10.05,3265,800,2860,3600,3300,2019-10-03,35459.781
09:51:00.659000,9.99,9.98,9.97,9.96,9.95,1200,1200,1900,3303,1805,10.0,10.01,10.02,10.03,10.04,1774,2865,900,3860,4400,2019-10-03,35460.659
09:51:00.659000,9.99,9.98,9.97,9.96,9.95,1100,1200,1900,3303,1805,10.0,10.01,10.02,10.03,10.04,1774,2865,900,3860,4400,2019-10-03,35460.659
09:51:00.659000,9.99,9.98,9.97,9.96,9.95,900,1200,1900,3303,1805,10.0,10.01,10.02,10.03,10.04,1774,2865,900,3860,4400,2019-10-03,35460.659
09:51:00.659000,9.99,9.98,9.97,9.96,9.95,800,1200,1900,3303,1805,10.0,10.01,10.02,10.03,10.04,1774,2865,900,3860,4400,2019-10-03,35460.659
09:51:00.659000,9.99,9.98,9.97,9.96,9.95,100,1200,1900,3303,1805,10.0,10.01,10.02,10.03,10.04,1774,2865,900,3860,4400,2019-10-03,35460.659
09:51:00.659000,9.98,9.97,9.96,9.95,9.94,1200,1900,3303,1805,1600,10.0,10.01,10.02,10.03,10.04,1774,2865,900,3860,4400,2019-10-03,35460.659
09:51:00.672000,9.98,9.97,9.96,9.95,9.94,1200,1900,3303,1805,1500,10.0,10.01,10.02,10.03,10.04,3548,3265,900,3960,4300,2019-10-03,35460.672
09:51:00.672000,9.98,9.97,9.96,9.95,9.94,1200,1900,3303,1805,1500,10.0,10.01,10.02,10.03,10.04,3448,3265,900,3960,4300,2019-10-03,35460.672
09:51:07.644000,9.99,9.98,9.97,9.96,9.95,300,900,2000,4203,1805,10.0,10.01,10.02,10.03,10.04,1674,3265,800,4660,4400,2019-10-03,35467.644
09:51:07.644000,9.99,9.98,9.97,9.96,9.95,200,900,2000,4203,1805,10.0,10.01,10.02,10.03,10.04,1674,3265,800,4660,4400,2019-10-03,35467.644
09:51:07.644000,9.99,9.98,9.97,9.96,9.95,100,900,2000,4203,1805,10.0,10.01,10.02,10.03,10.04,1674,3265,800,4660,4400,2019-10-03,35467.644
09:51:07.644000,9.98,9.97,9.96,9.95,9.94,900,2000,4203,1805,1600,10.0,10.01,10.02,10.03,10.04,1674,3265,800,4660,4400,2019-10-03,35467.644
09:54:08.206000,9.98,9.97,9.96,9.95,9.94,2695,1240,2603,3005,3700,9.99,10.0,10.01,10.02,10.03,1000,1574,3665,2400,4600,2019-10-03,35648.206
09:54:08.206000,9.98,9.97,9.96,9.95,9.94,2695,1240,2603,3005,3700,9.99,10.0,10.01,10.02,10.03,500,1574,3665,2400,4600,2019-10-03,35648.206
09:54:08.206000,9.98,9.97,9.96,9.95,9.94,2695,1240,2603,3005,3700,9.99,10.0,10.01,10.02,10.03,400,1574,3665,2400,4600,2019-10-03,35648.206
09:54:08.206000,9.98,9.97,9.96,9.95,9.94,2695,1240,2603,3005,3700,9.99,10.0,10.01,10.02,10.03,300,1574,3665,2400,4600,2019-10-03,35648.206
09:54:08.206000,9.98,9.97,9.96,9.95,9.94,2695,1240,2603,3005,3700,9.99,10.0,10.01,10.02,10.03,100,1574,3665,2400,4600,2019-10-03,35648.206
09:54:08.206000,9.98,9.97,9.96,9.95,9.94,2695,1240,2603,3005,3700,9.99,10.0,10.01,10.02,10.03,75,1574,3665,2400,4600,2019-10-03,35648.206
09:54:08.206000,9.98,9.97,9.96,9.95,9.94,3495,1240,2603,3005,3700,10.0,10.01,10.02,10.03,10.04,1574,3665,2400,4600,2100,2019-10-03,35648.206
09:54:08.210000,9.99,9.98,9.97,9.96,9.95,3663,3038,1340,3603,3005,10.0,10.01,10.02,10.03,10.04,1048,3365,2400,4600,2100,2019-10-03,35648.21
09:54:08.210000,9.99,9.98,9.97,9.96,9.95,4263,3038,1340,3603,3005,10.0,10.01,10.02,10.03,10.04,1018,3365,2400,4600,2100,2019-10-03,35648.21
09:54:08.284000,9.99,9.98,9.97,9.96,9.95,3082,2895,1340,3603,3005,10.0,10.01,10.02,10.03,10.04,1000,3365,2400,4600,2000,2019-10-03,35648.284
09:54:08.284000,9.99,9.98,9.97,9.96,9.95,3082,2895,1340,3603,3005,10.0,10.01,10.02,10.03,10.04,895,3365,2400,4600,2000,2019-10-03,35648.284
09:54:08.284000,9.99,9.98,9.97,9.96,9.95,3194,2895,1340,3603,3005,10.0,10.01,10.02,10.03,10.04,400,3365,2400,4600,2000,2019-10-03,35648.284
09:54:08.284000,9.99,9.98,9.97,9.96,9.95,3194,2895,1340,3603,3005,10.01,10.02,10.03,10.04,10.05,3365,2400,4600,2000,1200,2019-10-03,35648.284
09:54:08.284000,9.99,9.98,9.97,9.96,9.95,4994,2895,1340,3603,3005,10.01,10.02,10.03,10.04,10.05,2765,2400,4600,2000,1200,2019-10-03,35648.284
09:54:09.061000,10.0,9.99,9.98,9.97,9.96,1200,3263,1995,2100,3503,10.01,10.02,10.03,10.04,10.05,1766,2400,3800,2000,2000,2019-10-03,35649.061
09:54:09.061000,10.0,9.99,9.98,9.97,9.96,500,3263,1995,2100,3503,10.01,10.02,10.03,10.04,10.05,1766,2400,3800,2000,2000,2019-10-03,35649.061
09:54:09.061000,9.99,9.98,9.97,9.96,9.95,3263,1995,2100,3503,3605,10.01,10.02,10.03,10.04,10.05,1766,2400,3800,2000,2000,2019-10-03,35649.061
09:54:43.790000,9.98,9.97,9.96,9.95,9.94,748,1100,2903,1905,2800,9.99,10.0,10.01,10.02,10.03,2392,3546,2365,900,4100,2019-10-03,35683.79
09:56:22.072000,9.98,9.97,9.96,9.95,9.94,145,2503,1500,2305,3600,9.99,10.0,10.01,10.02,10.03,2100,2700,2765,2400,4800,2019-10-03,35782.072
09:56:22.072000,9.98,9.97,9.96,9.95,9.94,100,2503,1500,2305,3600,9.99,10.0,10.01,10.02,10.03,2100,2700,2765,2400,4800,2019-10-03,35782.072
09:56:22.072000,9.98,9.97,9.96,9.95,9.94,45,2503,1500,2305,3600,9.99,10.0,10.01,10.02,10.03,2100,2700,2765,2400,4800,2019-10-03,35782.072
09:56:22.072000,9.97,9.96,9.95,9.94,9.93,2503,1500,2305,3600,1000,9.99,10.0,10.01,10.02,10.03,2397,2700,2765,2400,4800,2019-10-03,35782.072
09:56:22.073000,9.97,9.96,9.95,9.94,9.93,2503,1500,2305,3600,1000,9.99,10.0,10.01,10.02,10.03,3341,2700,3765,2400,4800,2019-10-03,35782.073
09:56:30.363000,9.97,9.96,9.95,9.94,9.93,1602,1500,1105,3600,1000,9.98,9.99,10.0,10.01,10.02,1600,2200,3800,3765,3200,2019-10-03,35790.363
09:56:52.087000,9.97,9.96,9.95,9.94,9.93,1120,1500,905,3800,1000,9.98,9.99,10.0,10.01,10.02,3100,2000,3800,3965,2800,2019-10-03,35812.087
09:56:52.087000,9.97,9.96,9.95,9.94,9.93,703,1500,905,3800,1000,9.98,9.99,10.0,10.01,10.02,2200,2000,3800,3965,2800,2019-10-03,35812.087
09:56:52.087000,9.97,9.96,9.95,9.94,9.93,3,1500,905,3800,1000,9.98,9.99,10.0,10.01,10.02,2200,2000,3800,3965,2800,2019-10-03,35812.087
09:56:52.087000,9.96,9.95,9.94,9.93,9.92,1500,905,3800,1000,1630,9.98,9.99,10.0,10.01,10.02,2200,2000,3800,3965,2800,2019-10-03,35812.087
09:57:22.802000,9.96,9.95,9.94,9.93,9.92,2500,1105,1000,2200,3130,9.97,9.98,9.99,10.0,10.01,700,900,2500,4100,3400,2019-10-03,35842.802
09:57:22.802000,9.96,9.95,9.94,9.93,9.92,2500,1105,1000,2200,3130,9.97,9.98,9.99,10.0,10.01,600,900,2500,4100,3400,2019-10-03,35842.802
09:57:22.802000,9.96,9.95,9.94,9.93,9.92,2500,1105,1000,2200,3130,9.97,9.98,9.99,10.0,10.01,300,900,2500,4100,3400,2019-10-03,35842.802
09:57:22.802000,9.96,9.95,9.94,9.93,9.92,2500,1105,1000,2200,3130,9.97,9.98,9.99,10.0,10.01,200,900,2500,4100,3400,2019-10-03,35842.802
09:57:23.104000,9.97,9.96,9.95,9.94,9.93,4300,2300,1705,2000,3500,9.98,9.99,10.0,10.01,10.02,300,2500,4100,3400,2800,2019-10-03,35843.104
09:57:23.104000,9.97,9.96,9.95,9.94,9.93,4300,2300,1705,2000,3500,9.98,9.99,10.0,10.01,10.02,200,2500,4100,3400,2800,2019-10-03,35843.104
09:57:23.104000,9.97,9.96,9.95,9.94,9.93,4300,2300,1705,2000,3500,9.99,10.0,10.01,10.02,10.03,2500,4100,3400,2800,2800,2019-10-03,35843.104
09:57:39.544000,9.98,9.97,9.96,9.95,9.94,2500,5100,2900,3005,2900,9.99,10.0,10.01,10.02,10.03,800,2600,3500,2800,2900,2019-10-03,35859.544
09:57:39.544000,9.98,9.97,9.96,9.95,9.94,2500,5100,2900,3005,2900,9.99,10.0,10.01,10.02,10.03,600,2600,3500,2800,2900,2019-10-03,35859.544
09:57:39.544000,9.98,9.97,9.96,9.95,9.94,2500,5100,2900,3005,2900,9.99,10.0,10.01,10.02,10.03,500,2600,3500,2800,2900,2019-10-03,35859.544
09:57:39.544000,9.98,9.97,9.96,9.95,9.94,2500,5100,2900,3005,2900,9.99,10.0,10.01,10.02,10.03,400,2600,3500,2800,2900,2019-10-03,35859.544
09:57:39.544000,9.98,9.97,9.96,9.95,9.94,2500,5100,2900,3005,2900,9.99,10.0,10.01,10.02,10.03,100,2600,3500,2800,2900,2019-10-03,35859.544
09:57:39.544000,9.98,9.97,9.96,9.95,9.94,2500,5100,2900,3005,2900,10.0,10.01,10.02,10.03,10.04,2600,3500,2800,2900,1100,2019-10-03,35859.544
09:58:43.632000,9.99,9.98,9.97,9.96,9.95,3800,1440,3903,3600,3705,10.0,10.01,10.02,10.03,10.04,505,2200,1900,3000,2700,2019-10-03,35923.632
09:58:43.632000,9.99,9.98,9.97,9.96,9.95,3800,1440,3903,3600,3705,10.0,10.01,10.02,10.03,10.04,405,2200,1900,3000,2700,2019-10-03,35923.632
09:58:43.632000,9.99,9.98,9.97,9.96,9.95,3800,1440,3903,3600,3705,10.0,10.01,10.02,10.03,10.04,400,2200,1900,3000,2700,2019-10-03,35923.632
09:58:43.632000,9.99,9.98,9.97,9.96,9.95,3800,1440,3903,3600,3705,10.0,10.01,10.02,10.03,10.04,300,2200,1900,3000,2700,2019-10-03,35923.632
09:58:43.632000,9.99,9.98,9.97,9.96,9.95,3800,1440,3903,3600,3705,10.01,10.02,10.03,10.04,10.05,2200,1900,3000,2700,1100,2019-10-03,35923.632
09:58:44.883000,10.0,9.99,9.98,9.97,9.96,100,1800,1840,4803,2900,10.01,10.02,10.03,10.04,10.05,4300,900,3900,2800,1100,2019-10-03,35924.883
09:58:44.883000,9.99,9.98,9.97,9.96,9.95,1800,1840,4803,2900,3605,10.01,10.02,10.03,10.04,10.05,4300,900,3900,2800,1100,2019-10-03,35924.883
09:58:45.623000,9.99,9.98,9.97,9.96,9.95,1500,1840,3803,2800,3605,10.0,10.01,10.02,10.03,10.04,1100,3300,1900,3900,2800,2019-10-03,35925.623
09:58:46.622000,9.99,9.98,9.97,9.96,9.95,1600,1840,3703,2800,3605,10.0,10.01,10.02,10.03,10.04,1100,3300,1900,3800,2800,2019-10-03,35926.622
09:58:50.043000,9.99,9.98,9.97,9.96,9.95,1600,1840,3700,2800,3605,10.0,10.01,10.02,10.03,10.04,400,3100,1900,3900,2800,2019-10-03,35930.043
09:58:50.043000,9.99,9.98,9.97,9.96,9.95,1600,1840,3700,2800,3605,10.0,10.01,10.02,10.03,10.04,300,3100,1900,3900,2800,2019-10-03,35930.043
09:58:50.043000,9.99,9.98,9.97,9.96,9.95,1600,1840,3700,2800,3605,10.0,10.01,10.02,10.03,10.04,100,3100,1900,3900,2800,2019-10-03,35930.043
09:58:50.043000,9.99,9.98,9.97,9.96,9.95,1600,1840,3700,2800,3605,10.01,10.02,10.03,10.04,10.05,3100,1900,3900,2800,1100,2019-10-03,35930.043
09:58:50.072000,10.0,9.99,9.98,9.97,9.96,1834,1900,1840,4603,2900,10.01,10.02,10.03,10.04,10.05,3300,1900,3900,2800,1100,2019-10-03,35930.072
09:58:51.286000,9.99,9.98,9.97,9.96,9.95,700,1840,2803,2900,3605,10.0,10.01,10.02,10.03,10.04,201,2900,1900,4000,2900,2019-10-03,35931.286
09:58:51.286000,9.99,9.98,9.97,9.96,9.95,700,1840,2803,2900,3605,10.0,10.01,10.02,10.03,10.04,101,2900,1900,4000,2900,2019-10-03,35931.286
09:58:51.286000,9.99,9.98,9.97,9.96,9.95,700,1840,2803,2900,3605,10.0,10.01,10.02,10.03,10.04,100,2900,1900,4000,2900,2019-10-03,35931.286
09:58:51.287000,9.99,9.98,9.97,9.96,9.95,1056,1840,2803,2900,3605,10.01,10.02,10.03,10.04,10.05,2900,1900,4000,2900,1100,2019-10-03,35931.287
09:58:53.176000,9.99,9.98,9.97,9.96,9.95,1634,1840,3703,2900,3605,10.01,10.02,10.03,10.04,10.05,3400,800,4000,3000,1100,2019-10-03,35933.176
09:58:53.177000,9.99,9.98,9.97,9.96,9.95,700,1840,3703,2900,3605,10.0,10.01,10.02,10.03,10.04,2112,3056,2000,4000,3000,2019-10-03,35933.177
09:58:53.177000,9.99,9.98,9.97,9.96,9.95,700,1840,3703,2900,3605,10.0,10.01,10.02,10.03,10.04,2030,3056,2000,4000,3000,2019-10-03,35933.177
09:59:41.363000,9.99,9.98,9.97,9.96,9.95,600,1640,2603,2600,2905,10.0,10.01,10.02,10.03,10.04,1227,2800,1800,3900,2600,2019-10-03,35981.363
09:59:41.363000,9.99,9.98,9.97,9.96,9.95,600,1640,2603,2600,2905,10.0,10.01,10.02,10.03,10.04,1127,2800,1800,3900,2600,2019-10-03,35981.363
09:59:41.363000,9.99,9.98,9.97,9.96,9.95,600,1640,2603,2600,2905,10.0,10.01,10.02,10.03,10.04,227,2800,1800,3900,2600,2019-10-03,35981.363
09:59:41.363000,9.99,9.98,9.97,9.96,9.95,600,1640,2603,2600,2905,10.0,10.01,10.02,10.03,10.04,100,2800,1800,3900,2600,2019-10-03,35981.363
09:59:41.363000,9.99,9.98,9.97,9.96,9.95,600,1640,2603,2600,2905,10.01,10.02,10.03,10.04,10.05,2800,1800,3900,2600,1000,2019-10-03,35981.363
10:00:00.004000,9.99,9.98,9.97,9.96,9.95,400,1340,2203,1300,1605,10.0,10.01,10.02,10.03,10.04,900,2600,600,2700,1600,2019-10-03,36000.004
10:00:00.004000,9.99,9.98,9.97,9.96,9.95,300,1340,2203,1300,1605,10.0,10.01,10.02,10.03,10.04,1000,2600,600,2700,1600,2019-10-03,36000.004
10:00:00.004000,9.99,9.98,9.97,9.96,9.95,200,1340,2203,1300,1605,10.0,10.01,10.02,10.03,10.04,1000,2600,600,2700,1600,2019-10-03,36000.004
10:00:00.004000,9.98,9.97,9.96,9.95,9.94,1340,2203,1300,1605,500,10.0,10.01,10.02,10.03,10.04,1000,2600,600,2700,1600,2019-10-03,36000.004
10:00:00.005000,9.98,9.97,9.96,9.95,9.94,840,2203,1300,1605,500,9.99,10.0,10.01,10.02,10.03,1300,900,2600,600,2700,2019-10-03,36000.005
10:00:00.005000,9.98,9.97,9.96,9.95,9.94,740,2203,1300,1605,500,9.99,10.0,10.01,10.02,10.03,1300,900,2600,600,2700,2019-10-03,36000.005
10:00:00.005000,9.98,9.97,9.96,9.95,9.94,340,2203,1300,1605,500,9.99,10.0,10.01,10.02,10.03,1300,900,2600,600,2700,2019-10-03,36000.005
10:00:00.005000,9.98,9.97,9.96,9.95,9.94,140,2203,1300,1605,500,9.99,10.0,10.01,10.02,10.03,1300,900,2600,600,2700,2019-10-03,36000.005
10:00:00.005000,9.98,9.97,9.96,9.95,9.94,100,2203,1300,1605,500,9.99,10.0,10.01,10.02,10.03,1300,900,2600,600,2700,2019-10-03,36000.005
10:00:00.005000,9.97,9.96,9.95,9.94,9.93,2203,1300,1605,500,700,9.99,10.0,10.01,10.02,10.03,1300,900,2600,600,2700,2019-10-03,36000.005
10:00:00.016000,9.97,9.96,9.95,9.94,9.93,1503,1300,1605,500,700,9.99,10.0,10.01,10.02,10.03,1600,905,2600,600,2700,2019-10-03,36000.016
10:00:00.016000,9.97,9.96,9.95,9.94,9.93,503,1300,1605,500,700,9.99,10.0,10.01,10.02,10.03,1600,905,2600,600,2700,2019-10-03,36000.016
10:00:00.016000,9.97,9.96,9.95,9.94,9.93,303,1300,1605,500,700,9.99,10.0,10.01,10.02,10.03,1600,905,2600,600,2700,2019-10-03,36000.016
10:00:00.016000,9.97,9.96,9.95,9.94,9.93,103,1300,1605,500,700,9.99,10.0,10.01,10.02,10.03,1600,905,2600,600,2700,2019-10-03,36000.016
10:00:00.016000,9.97,9.96,9.95,9.94,9.93,100,1300,1605,500,700,9.99,10.0,10.01,10.02,10.03,1600,905,2600,600,2700,2019-10-03,36000.016
10:00:00.016000,9.96,9.95,9.94,9.93,9.92,1300,1605,500,700,730,9.99,10.0,10.01,10.02,10.03,1600,905,2600,600,2700,2019-10-03,36000.016
10:00:00.043000,9.96,9.95,9.94,9.93,9.92,1300,805,500,700,730,9.98,9.99,10.0,10.01,10.02,200,1700,400,1700,500,2019-10-03,36000.043
10:00:00.053000,9.97,9.96,9.95,9.94,9.93,100,1300,805,500,1500,9.98,9.99,10.0,10.01,10.02,200,2000,400,1700,500,2019-10-03,36000.053
10:00:00.053000,9.96,9.95,9.94,9.93,9.92,1300,805,500,1500,730,9.98,9.99,10.0,10.01,10.02,200,2000,400,1700,500,2019-10-03,36000.053
10:00:00.405000,9.96,9.95,9.94,9.93,9.92,600,805,500,1500,630,9.97,9.98,9.99,10.0,10.01,1710,600,800,700,1700,2019-10-03,36000.405
10:00:00.405000,9.96,9.95,9.94,9.93,9.92,400,805,500,1500,630,9.97,9.98,9.99,10.0,10.01,1710,600,800,700,1700,2019-10-03,36000.405
10:00:00.405000,9.96,9.95,9.94,9.93,9.92,200,805,500,1500,630,9.97,9.98,9.99,10.0,10.01,1710,600,800,700,1700,2019-10-03,36000.405
10:00:00.405000,9.95,9.94,9.93,9.92,9.91,805,500,1500,630,600,9.97,9.98,9.99,10.0,10.01,1710,600,800,700,1700,2019-10-03,36000.405
10:00:00.789000,9.95,9.94,9.93,9.92,9.91,300,500,700,630,1300,9.96,9.97,9.98,9.99,10.0,3377,400,600,800,700,2019-10-03,36000.789
10:00:00.789000,9.95,9.94,9.93,9.92,9.91,200,500,700,630,1300,9.96,9.97,9.98,9.99,10.0,3377,400,600,800,700,2019-10-03,36000.789
10:00:00.789000,9.95,9.94,9.93,9.92,9.91,5,500,700,630,1300,9.96,9.97,9.98,9.99,10.0,3377,400,600,800,700,2019-10-03,36000.789
10:00:00.789000,9.94,9.93,9.92,9.91,9.9,500,700,630,1300,500,9.96,9.97,9.98,9.99,10.0,3377,400,600,800,700,2019-10-03,36000.789
10:00:00.795000,9.93,9.92,9.91,9.9,9.89,600,630,1300,400,300,9.95,9.96,9.97,9.98,9.99,1910,1467,400,600,800,2019-10-03,36000.795
10:00:00.795000,9.93,9.92,9.91,9.9,9.89,600,630,1300,400,300,9.95,9.96,9.97,9.98,9.99,1710,1467,400,600,800,2019-10-03,36000.795
10:00:00.795000,9.93,9.92,9.91,9.9,9.89,600,630,1300,400,300,9.95,9.96,9.97,9.98,9.99,1610,1467,400,600,800,2019-10-03,36000.795
10:00:00.795000,9.93,9.92,9.91,9.9,9.89,600,630,1300,400,300,9.95,9.96,9.97,9.98,9.99,1510,1467,400,600,800,2019-10-03,36000.795
10:00:00.795000,9.93,9.92,9.91,9.9,9.89,600,630,1300,400,300,9.95,9.96,9.97,9.98,9.99,1410,1467,400,600,800,2019-10-03,36000.795
10:00:00.795000,9.93,9.92,9.91,9.9,9.89,600,630,1300,400,300,9.95,9.96,9.97,9.98,9.99,1310,1467,400,600,800,2019-10-03,36000.795
10:00:00.795000,9.93,9.92,9.91,9.9,9.89,600,630,1300,400,300,9.95,9.96,9.97,9.98,9.99,910,1467,400,600,800,2019-10-03,36000.795
10:00:00.795000,9.93,9.92,9.91,9.9,9.89,600,630,1300,400,300,9.96,9.97,9.98,9.99,10.0,1467,400,600,800,700,2019-10-03,36000.795
10:00:01.048000,9.94,9.93,9.92,9.91,9.9,500,600,630,1300,400,9.96,9.97,9.98,9.99,10.0,1700,300,600,800,700,2019-10-03,36001.048
10:00:01.050000,9.94,9.93,9.92,9.91,9.9,400,600,630,1300,400,9.95,9.96,9.97,9.98,9.99,1000,1700,300,600,800,2019-10-03,36001.05
10:00:01.050000,9.94,9.93,9.92,9.91,9.9,200,600,630,1300,400,9.95,9.96,9.97,9.98,9.99,1000,1700,300,600,800,2019-10-03,36001.05
10:00:01.108000,9.93,9.92,9.91,9.9,9.89,600,630,500,400,1100,9.94,9.95,9.96,9.97,9.98,100,1100,1700,300,500,2019-10-03,36001.108
10:00:01.108000,9.93,9.92,9.91,9.9,9.89,600,630,500,400,1100,9.95,9.96,9.97,9.98,9.99,1100,1700,300,500,700,2019-10-03,36001.108
10:00:02.912000,9.93,9.92,9.91,9.9,9.89,500,330,300,400,1100,9.94,9.95,9.96,9.97,9.98,1200,900,1200,300,500,2019-10-03,36002.912
10:00:05.324000,9.92,9.91,9.9,9.89,9.88,430,400,500,1200,400,9.94,9.95,9.96,9.97,9.98,1887,700,1200,500,1400,2019-10-03,36005.324
10:00:06.199000,9.92,9.91,9.9,9.89,9.88,100,400,300,1100,300,9.93,9.94,9.95,9.96,9.97,1200,1887,800,1300,1300,2019-10-03,36006.199
10:00:06.199000,9.91,9.9,9.89,9.88,9.87,400,300,1100,300,907,9.93,9.94,9.95,9.96,9.97,1200,1887,800,1300,1300,2019-10-03,36006.199
10:00:07.881000,9.91,9.9,9.89,9.88,9.87,900,300,300,1100,807,9.93,9.94,9.95,9.96,9.97,1602,987,900,1400,1300,2019-10-03,36007.881
10:00:08.383000,9.9,9.89,9.88,9.87,9.86,500,300,300,807,1100,9.91,9.92,9.93,9.94,9.95,801,1100,1802,1087,900,2019-10-03,36008.383
10:00:08.383000,9.9,9.89,9.88,9.87,9.86,500,300,300,807,1100,9.91,9.92,9.93,9.94,9.95,701,1100,1802,1087,900,2019-10-03,36008.383
10:00:08.383000,9.9,9.89,9.88,9.87,9.86,500,300,300,807,1100,9.91,9.92,9.93,9.94,9.95,601,1100,1802,1087,900,2019-10-03,36008.383
10:00:08.383000,9.9,9.89,9.88,9.87,9.86,500,300,300,807,1100,9.91,9.92,9.93,9.94,9.95,501,1100,1802,1087,900,2019-10-03,36008.383
10:00:08.383000,9.9,9.89,9.88,9.87,9.86,500,300,300,807,1100,9.91,9.92,9.93,9.94,9.95,479,1100,1802,1087,900,2019-10-03,36008.383
10:00:15.368000,9.9,9.89,9.88,9.87,9.86,500,600,300,1807,1100,9.91,9.92,9.93,9.94,9.95,1099,1400,2202,1000,1800,2019-10-03,36015.368
10:00:15.368000,9.9,9.89,9.88,9.87,9.86,600,600,300,1807,1100,9.91,9.92,9.93,9.94,9.95,1000,1400,2202,1000,1800,2019-10-03,36015.368
10:00:15.368000,9.9,9.89,9.88,9.87,9.86,600,600,300,1807,1100,9.91,9.92,9.93,9.94,9.95,889,1400,2202,1000,1800,2019-10-03,36015.368
10:00:15.368000,9.9,9.89,9.88,9.87,9.86,600,600,300,1807,1100,9.91,9.92,9.93,9.94,9.95,289,1400,2202,1000,1800,2019-10-03,36015.368
10:00:15.368000,9.9,9.89,9.88,9.87,9.86,600,600,300,1807,1100,9.91,9.92,9.93,9.94,9.95,89,1400,2202,1000,1800,2019-10-03,36015.368
10:00:15.368000,9.9,9.89,9.88,9.87,9.86,600,600,300,1807,1100,9.92,9.93,9.94,9.95,9.96,1400,2202,1000,1800,1400,2019-10-03,36015.368
10:00:15.369000,9.9,9.89,9.88,9.87,9.86,900,600,300,1807,1100,9.91,9.92,9.93,9.94,9.95,199,1100,2202,2000,1800,2019-10-03,36015.369
10:00:18.501000,9.89,9.88,9.87,9.86,9.85,600,300,1807,1100,2500,9.91,9.92,9.93,9.94,9.95,811,1300,2200,2000,1800,2019-10-03,36018.501
10:00:19.105000,9.89,9.88,9.87,9.86,9.85,200,300,807,2100,2400,9.9,9.91,9.92,9.93,9.94,811,1187,2400,2200,2100,2019-10-03,36019.105
10:00:19.105000,9.89,9.88,9.87,9.86,9.85,100,300,807,2100,2400,9.9,9.91,9.92,9.93,9.94,811,1187,2400,2200,2100,2019-10-03,36019.105
10:00:19.105000,9.88,9.87,9.86,9.85,9.84,300,807,2100,2400,1400,9.9,9.91,9.92,9.93,9.94,811,1187,2400,2200,2100,2019-10-03,36019.105
10:00:19.384000,9.88,9.87,9.86,9.85,9.84,600,907,1300,2400,2200,9.89,9.9,9.91,9.92,9.93,900,800,2187,2400,2200,2019-10-03,36019.384
10:00:19.384000,9.88,9.87,9.86,9.85,9.84,600,907,1300,2400,2200,9.89,9.9,9.91,9.92,9.93,800,800,2187,2400,2200,2019-10-03,36019.384
10:00:19.384000,9.88,9.87,9.86,9.85,9.84,600,907,1300,2400,2200,9.89,9.9,9.91,9.92,9.93,700,800,2187,2400,2200,2019-10-03,36019.384
10:00:19.384000,9.88,9.87,9.86,9.85,9.84,600,907,1300,2400,2200,9.89,9.9,9.91,9.92,9.93,600,800,2187,2400,2200,2019-10-03,36019.384
10:00:19.384000,9.88,9.87,9.86,9.85,9.84,600,907,1300,2400,2200,9.89,9.9,9.91,9.92,9.93,200,800,2187,2400,2200,2019-10-03,36019.384
10:00:19.384000,9.88,9.87,9.86,9.85,9.84,600,907,1300,2400,2200,9.9,9.91,9.92,9.93,9.94,800,2187,2400,2200,2900,2019-10-03,36019.384
10:00:21.153000,9.88,9.87,9.86,9.85,9.84,200,807,300,3100,1400,9.89,9.9,9.91,9.92,9.93,1523,2001,2387,2500,2400,2019-10-03,36021.153
10:00:21.153000,9.87,9.86,9.85,9.84,9.83,807,300,3100,1400,500,9.89,9.9,9.91,9.92,9.93,1523,2001,2387,2500,2400,2019-10-03,36021.153
10:00:36.904000,9.87,9.86,9.85,9.84,9.83,200,400,2300,2100,1300,9.88,9.89,9.9,9.91,9.92,1510,1500,3100,2100,3200,2019-10-03,36036.904
10:00:36.904000,9.87,9.86,9.85,9.84,9.83,100,400,2300,2100,1300,9.88,9.89,9.9,9.91,9.92,1510,1500,3100,2100,3200,2019-10-03,36036.904
10:00:36.904000,9.86,9.85,9.84,9.83,9.82,400,2300,2100,1300,1300,9.88,9.89,9.9,9.91,9.92,1510,1500,3100,2100,3200,2019-10-03,36036.904
10:00:38.953000,9.85,9.84,9.83,9.82,9.81,2300,300,2100,1300,300,9.87,9.88,9.89,9.9,9.91,923,1887,2100,3200,3200,2019-10-03,36038.953
10:00:51.208000,9.85,9.84,9.83,9.82,9.81,2600,300,1100,300,1300,9.86,9.87,9.88,9.89,9.9,687,500,2300,2100,3100,2019-10-03,36051.208
10:00:51.208000,9.85,9.84,9.83,9.82,9.81,2600,300,1100,300,1300,9.86,9.87,9.88,9.89,9.9,587,500,2300,2100,3100,2019-10-03,36051.208
10:00:51.208000,9.85,9.84,9.83,9.82,9.81,2600,300,1100,300,1300,9.86,9.87,9.88,9.89,9.9,287,500,2300,2100,3100,2019-10-03,36051.208
10:00:51.208000,9.85,9.84,9.83,9.82,9.81,2600,300,1100,300,1300,9.87,9.88,9.89,9.9,9.91,500,2300,2100,3100,3200,2019-10-03,36051.208
10:01:00.417000,9.85,9.84,9.83,9.82,9.81,2600,500,400,1100,1300,9.86,9.87,9.88,9.89,9.9,162,701,2800,2100,3200,2019-10-03,36060.417
10:01:00.418000,9.85,9.84,9.83,9.82,9.81,2600,500,400,1100,1300,9.86,9.87,9.88,9.89,9.9,101,701,2800,2100,3200,2019-10-03,36060.418
10:01:00.418000,9.85,9.84,9.83,9.82,9.81,2600,500,400,1100,1300,9.86,9.87,9.88,9.89,9.9,1,701,2800,2100,3200,2019-10-03,36060.418
10:01:00.418000,9.85,9.84,9.83,9.82,9.81,2600,500,400,1100,1300,9.87,9.88,9.89,9.9,9.91,701,2800,2100,3200,3000,2019-10-03,36060.418
10:01:03.162000,9.86,9.85,9.84,9.83,9.82,2299,3000,400,1100,1300,9.88,9.89,9.9,9.91,9.92,1000,2000,2200,3000,1400,2019-10-03,36063.162
10:01:07.502000,9.86,9.85,9.84,9.83,9.82,1999,3000,400,1100,1300,9.87,9.88,9.89,9.9,9.91,600,1100,2000,2100,3100,2019-10-03,36067.502
10:01:07.502000,9.86,9.85,9.84,9.83,9.82,1999,3000,400,1100,1300,9.87,9.88,9.89,9.9,9.91,500,1100,2000,2100,3100,2019-10-03,36067.502
10:01:07.502000,9.86,9.85,9.84,9.83,9.82,1999,3000,400,1100,1300,9.87,9.88,9.89,9.9,9.91,400,1100,2000,2100,3100,2019-10-03,36067.502
10:01:07.502000,9.86,9.85,9.84,9.83,9.82,1999,3000,400,1100,1300,9.88,9.89,9.9,9.91,9.92,1100,2000,2100,3100,1400,2019-10-03,36067.502
10:01:07.503000,9.86,9.85,9.84,9.83,9.82,2399,3000,400,1100,1300,9.88,9.89,9.9,9.91,9.92,700,2000,2100,3100,1400,2019-10-03,36067.503
10:01:07.503000,9.86,9.85,9.84,9.83,9.82,2999,3000,400,1100,1300,9.87,9.88,9.89,9.9,9.91,100,700,2000,2100,3100,2019-10-03,36067.503
10:01:07.503000,9.86,9.85,9.84,9.83,9.82,2999,3000,400,1100,1300,9.88,9.89,9.9,9.91,9.92,700,2000,2100,3100,1400,2019-10-03,36067.503
10:01:21.610000,9.87,9.86,9.85,9.84,9.83,1399,2000,2900,1100,1300,9.88,9.89,9.9,9.91,9.92,200,1000,2000,3100,1400,2019-10-03,36081.61
10:01:21.613000,9.87,9.86,9.85,9.84,9.83,1399,2000,2900,1100,1300,9.89,9.9,9.91,9.92,9.93,1000,2000,3100,1400,1200,2019-10-03,36081.613
10:01:24.673000,9.88,9.87,9.86,9.85,9.84,199,1500,1100,3700,1300,9.89,9.9,9.91,9.92,9.93,1000,700,2500,2500,2300,2019-10-03,36084.673
10:01:24.673000,9.87,9.86,9.85,9.84,9.83,1500,1100,3700,1300,1300,9.89,9.9,9.91,9.92,9.93,1000,700,2500,2500,2300,2019-10-03,36084.673
10:01:30.296000,9.86,9.85,9.84,9.83,9.82,1200,2900,2100,1300,1300,9.88,9.89,9.9,9.91,9.92,1500,1273,1800,3400,1900,2019-10-03,36090.296
10:01:30.296000,9.86,9.85,9.84,9.83,9.82,800,2900,2100,1300,1300,9.88,9.89,9.9,9.91,9.92,2740,1273,1800,3400,1900,2019-10-03,36090.296
10:01:30.296000,9.86,9.85,9.84,9.83,9.82,800,2900,2100,1300,1300,9.88,9.89,9.9,9.91,9.92,3272,1273,1800,3400,1900,2019-10-03,36090.296
10:01:30.308000,9.86,9.85,9.84,9.83,9.82,800,2900,2100,1300,1300,9.88,9.89,9.9,9.91,9.92,3040,1273,2000,3400,1900,2019-10-03,36090.308
10:01:30.330000,9.86,9.85,9.84,9.83,9.82,800,2900,2100,1300,1300,9.88,9.89,9.9,9.91,9.92,3040,1273,2000,3400,1900,2019-10-03,36090.33
10:01:40.130000,9.87,9.86,9.85,9.84,9.83,500,1300,2900,2100,1300,9.88,9.89,9.9,9.91,9.92,600,1100,1900,3400,1700,2019-10-03,36100.13
10:01:40.130000,9.87,9.86,9.85,9.84,9.83,500,1300,2900,2100,1300,9.88,9.89,9.9,9.91,9.92,500,1100,1900,3400,1700,2019-10-03,36100.13
10:01:46.612000,9.87,9.86,9.85,9.84,9.83,300,1300,2900,1300,1300,9.88,9.89,9.9,9.91,9.92,700,1100,1900,3400,1700,2019-10-03,36106.612
10:01:46.612000,9.87,9.86,9.85,9.84,9.83,200,1300,2900,1300,1300,9.88,9.89,9.9,9.91,9.92,700,1100,1900,3400,1700,2019-10-03,36106.612
10:01:46.612000,9.87,9.86,9.85,9.84,9.83,100,1300,2900,1300,1300,9.88,9.89,9.9,9.91,9.92,700,1100,1900,3400,1700,2019-10-03,36106.612
10:01:46.612000,9.86,9.85,9.84,9.83,9.82,1300,2900,1300,1300,2400,9.88,9.89,9.9,9.91,9.92,700,1100,1900,3400,1700,2019-10-03,36106.612
10:01:46.612000,9.86,9.85,9.84,9.83,9.82,1300,2900,1300,1300,2400,9.88,9.89,9.9,9.91,9.92,1200,1100,1900,3400,1700,2019-10-03,36106.612
10:01:46.612000,9.86,9.85,9.84,9.83,9.82,1300,2900,1300,1300,2400,9.88,9.89,9.9,9.91,9.92,1400,1100,1900,3400,1700,2019-10-03,36106.612
10:01:46.612000,9.87,9.86,9.85,9.84,9.83,100,1300,2900,1300,1300,9.88,9.89,9.9,9.91,9.92,1600,1100,1900,3400,1700,2019-10-03,36106.612
10:01:46.612000,9.86,9.85,9.84,9.83,9.82,1300,2900,1300,1300,2400,9.88,9.89,9.9,9.91,9.92,1600,1100,1900,3400,1700,2019-10-03,36106.612
10:01:46.612000,9.86,9.85,9.84,9.83,9.82,1300,2900,1300,1300,2400,9.88,9.89,9.9,9.91,9.92,1900,1100,1900,3400,1700,2019-10-03,36106.612
10:01:46.612000,9.86,9.85,9.84,9.83,9.82,1300,2900,1300,1300,2400,9.88,9.89,9.9,9.91,9.92,2200,1100,1900,3400,1700,2019-10-03,36106.612
10:01:46.612000,9.86,9.85,9.84,9.83,9.82,1300,2900,1300,1300,2400,9.88,9.89,9.9,9.91,9.92,2400,1100,1900,3400,1700,2019-10-03,36106.612
10:01:46.612000,9.86,9.85,9.84,9.83,9.82,1300,2900,1300,1300,2400,9.88,9.89,9.9,9.91,9.92,2873,1100,1900,3400,1700,2019-10-03,36106.612
10:01:48.252000,9.86,9.85,9.84,9.83,9.82,400,3000,400,1300,2400,9.87,9.88,9.89,9.9,9.91,1400,1373,2300,2800,2700,2019-10-03,36108.252
10:01:48.252000,9.86,9.85,9.84,9.83,9.82,300,3000,400,1300,2400,9.87,9.88,9.89,9.9,9.91,1400,1373,2300,2800,2700,2019-10-03,36108.252
10:01:48.252000,9.86,9.85,9.84,9.83,9.82,200,3000,400,1300,2400,9.87,9.88,9.89,9.9,9.91,1900,1373,2300,2800,2700,2019-10-03,36108.252
10:01:48.252000,9.86,9.85,9.84,9.83,9.82,100,3000,400,1300,2400,9.87,9.88,9.89,9.9,9.91,1900,1373,2300,2800,2700,2019-10-03,36108.252
10:01:48.252000,9.85,9.84,9.83,9.82,9.81,3000,400,1300,2400,1400,9.87,9.88,9.89,9.9,9.91,1900,1373,2300,2800,2700,2019-10-03,36108.252
10:02:30.481000,9.85,9.84,9.83,9.82,9.81,2500,700,500,2100,1500,9.86,9.87,9.88,9.89,9.9,284,1400,2000,3400,2000,2019-10-03,36150.481
10:02:30.481000,9.85,9.84,9.83,9.82,9.81,2500,700,500,2100,1500,9.86,9.87,9.88,9.89,9.9,111,1400,2000,3400,2000,2019-10-03,36150.481
10:02:30.481000,9.85,9.84,9.83,9.82,9.81,2500,700,500,2100,1500,9.86,9.87,9.88,9.89,9.9,84,1400,2000,3400,2000,2019-10-03,36150.481
10:02:30.482000,9.85,9.84,9.83,9.82,9.81,2600,700,500,2100,1500,9.86,9.87,9.88,9.89,9.9,211,1400,2000,3400,2000,2019-10-03,36150.482
10:02:30.482000,9.85,9.84,9.83,9.82,9.81,2600,700,500,2100,1500,9.86,9.87,9.88,9.89,9.9,200,1400,2000,3400,2000,2019-10-03,36150.482
10:02:30.482000,9.85,9.84,9.83,9.82,9.81,2600,700,500,2100,1500,9.86,9.87,9.88,9.89,9.9,100,1400,2000,3400,2000,2019-10-03,36150.482
10:02:30.482000,9.85,9.84,9.83,9.82,9.81,2600,700,500,2100,1500,9.87,9.88,9.89,9.9,9.91,1400,2000,3400,2000,2300,2019-10-03,36150.482
10:02:47.970000,9.86,9.85,9.84,9.83,9.82,400,3000,600,2300,1500,9.87,9.88,9.89,9.9,9.91,1400,900,2600,3200,2300,2019-10-03,36167.97
10:02:47.971000,9.86,9.85,9.84,9.83,9.82,300,3000,600,2300,1500,9.87,9.88,9.89,9.9,9.91,1400,900,2600,3200,2300,2019-10-03,36167.971
10:02:47.971000,9.86,9.85,9.84,9.83,9.82,200,3000,600,2300,1500,9.87,9.88,9.89,9.9,9.91,1400,900,2600,3200,2300,2019-10-03,36167.971
10:03:15.813000,9.85,9.84,9.83,9.82,9.81,3000,600,2300,1500,1500,9.87,9.88,9.89,9.9,9.91,1900,900,2300,3200,2400,2019-10-03,36195.813
10:03:26.033000,9.85,9.84,9.83,9.82,9.81,2100,700,700,2300,1700,9.86,9.87,9.88,9.89,9.9,500,2400,2000,2500,3100,2019-10-03,36206.033
10:03:26.033000,9.85,9.84,9.83,9.82,9.81,2100,700,700,2300,1700,9.86,9.87,9.88,9.89,9.9,400,2400,2000,2500,3100,2019-10-03,36206.033
10:03:26.033000,9.85,9.84,9.83,9.82,9.81,2100,700,700,2300,1700,9.86,9.87,9.88,9.89,9.9,300,2400,2000,2500,3100,2019-10-03,36206.033
10:03:26.033000,9.85,9.84,9.83,9.82,9.81,2100,700,700,2300,1700,9.86,9.87,9.88,9.89,9.9,200,2400,2000,2500,3100,2019-10-03,36206.033
10:03:26.033000,9.85,9.84,9.83,9.82,9.81,2100,700,700,2300,1700,9.86,9.87,9.88,9.89,9.9,100,2400,2000,2500,3100,2019-10-03,36206.033
10:03:26.033000,9.85,9.84,9.83,9.82,9.81,2100,700,700,2300,1700,9.87,9.88,9.89,9.9,9.91,2400,2000,2500,3100,2300,2019-10-03,36206.033
10:03:26.037000,9.86,9.85,9.84,9.83,9.82,848,2520,700,1700,2300,9.87,9.88,9.89,9.9,9.91,2201,2000,2500,3000,2400,2019-10-03,36206.037
10:03:27.846000,9.86,9.85,9.84,9.83,9.82,100,2500,600,1600,2300,9.87,9.88,9.89,9.9,9.91,2701,1000,2500,3000,2400,2019-10-03,36207.846
10:03:27.846000,9.85,9.84,9.83,9.82,9.81,2500,600,1600,2300,1700,9.87,9.88,9.89,9.9,9.91,2701,1000,2500,3000,2400,2019-10-03,36207.846
10:03:28.851000,9.85,9.84,9.83,9.82,9.81,2300,600,600,2300,1700,9.86,9.87,9.88,9.89,9.9,400,2101,1900,2300,3000,2019-10-03,36208.851
10:03:28.852000,9.85,9.84,9.83,9.82,9.81,2299,600,600,2300,1700,9.86,9.87,9.88,9.89,9.9,600,2101,1900,2300,2900,2019-10-03,36208.852
10:03:28.852000,9.85,9.84,9.83,9.82,9.81,2298,600,600,2300,1700,9.86,9.87,9.88,9.89,9.9,700,2101,1900,2300,2900,2019-10-03,36208.852
10:04:15.933000,9.85,9.84,9.83,9.82,9.81,2213,700,700,2100,1500,9.86,9.87,9.88,9.89,9.9,1200,2100,2000,3300,2000,2019-10-03,36255.933
10:04:15.933000,9.85,9.84,9.83,9.82,9.81,2213,700,700,2100,1500,9.86,9.87,9.88,9.89,9.9,900,2100,2000,3300,2000,2019-10-03,36255.933
10:04:15.933000,9.85,9.84,9.83,9.82,9.81,2213,700,700,2100,1500,9.86,9.87,9.88,9.89,9.9,800,2100,2000,3300,2000,2019-10-03,36255.933
10:04:15.933000,9.85,9.84,9.83,9.82,9.81,2213,700,700,2100,1500,9.86,9.87,9.88,9.89,9.9,700,2100,2000,3300,2000,2019-10-03,36255.933
10:04:15.933000,9.85,9.84,9.83,9.82,9.81,2213,700,700,2100,1500,9.86,9.87,9.88,9.89,9.9,400,2100,2000,3300,2000,2019-10-03,36255.933
10:04:15.933000,9.85,9.84,9.83,9.82,9.81,2213,700,700,2100,1500,9.86,9.87,9.88,9.89,9.9,300,2100,2000,3300,2000,2019-10-03,36255.933
10:04:15.933000,9.85,9.84,9.83,9.82,9.81,2213,700,700,2100,1500,9.86,9.87,9.88,9.89,9.9,100,2100,2000,3300,2000,2019-10-03,36255.933
10:04:15.933000,9.85,9.84,9.83,9.82,9.81,2213,700,700,2100,1500,9.87,9.88,9.89,9.9,9.91,2100,2000,3300,2000,2300,2019-10-03,36255.933
10:04:17.846000,9.86,9.85,9.84,9.83,9.82,500,1998,600,1700,2100,9.87,9.88,9.89,9.9,9.91,1200,1000,3100,2000,2500,2019-10-03,36257.846
10:04:17.846000,9.86,9.85,9.84,9.83,9.82,400,1998,600,1700,2100,9.87,9.88,9.89,9.9,9.91,1200,1000,3100,2000,2500,2019-10-03,36257.846
10:04:17.846000,9.86,9.85,9.84,9.83,9.82,100,1998,600,1700,2100,9.87,9.88,9.89,9.9,9.91,1200,1000,3100,2000,2500,2019-10-03,36257.846
10:04:17.846000,9.85,9.84,9.83,9.82,9.81,1998,600,1700,2100,1500,9.87,9.88,9.89,9.9,9.91,1200,1000,3100,2000,2500,2019-10-03,36257.846
10:04:17.847000,9.85,9.84,9.83,9.82,9.81,1798,600,1700,2100,1500,9.87,9.88,9.89,9.9,9.91,2315,1000,3100,2000,2500,2019-10-03,36257.847
10:04:17.852000,9.85,9.84,9.83,9.82,9.81,2638,600,1700,2100,1500,9.86,9.87,9.88,9.89,9.9,1400,1300,2000,3200,2000,2019-10-03,36257.852
10:04:17.852000,9.85,9.84,9.83,9.82,9.81,2638,600,1700,2100,1500,9.86,9.87,9.88,9.89,9.9,1100,1300,2000,3200,2000,2019-10-03,36257.852
10:04:17.852000,9.85,9.84,9.83,9.82,9.81,2638,600,1700,2100,1500,9.86,9.87,9.88,9.89,9.9,1000,1300,2000,3200,2000,2019-10-03,36257.852
10:04:17.852000,9.85,9.84,9.83,9.82,9.81,2638,600,1700,2100,1500,9.86,9.87,9.88,9.89,9.9,700,1300,2000,3200,2000,2019-10-03,36257.852
10:04:17.852000,9.85,9.84,9.83,9.82,9.81,2638,600,1700,2100,1500,9.86,9.87,9.88,9.89,9.9,600,1300,2000,3200,2000,2019-10-03,36257.852
10:04:17.852000,9.85,9.84,9.83,9.82,9.81,2638,600,1700,2100,1500,9.86,9.87,9.88,9.89,9.9,300,1300,2000,3200,2000,2019-10-03,36257.852
10:04:17.852000,9.85,9.84,9.83,9.82,9.81,2638,600,1700,2100,1500,9.86,9.87,9.88,9.89,9.9,100,1300,2000,3200,2000,2019-10-03,36257.852
10:04:17.852000,9.85,9.84,9.83,9.82,9.81,2638,600,1700,2100,1500,9.87,9.88,9.89,9.9,9.91,1300,2000,3200,2000,2500,2019-10-03,36257.852
10:05:13.130000,9.86,9.85,9.84,9.83,9.82,700,2498,700,2200,1300,9.87,9.88,9.89,9.9,9.91,1700,900,2400,3200,2300,2019-10-03,36313.13
10:05:13.130000,9.86,9.85,9.84,9.83,9.82,500,2498,700,2200,1300,9.87,9.88,9.89,9.9,9.91,1700,900,2400,3200,2300,2019-10-03,36313.13
10:05:13.130000,9.86,9.85,9.84,9.83,9.82,300,2498,700,2200,1300,9.87,9.88,9.89,9.9,9.91,1700,900,2400,3200,2300,2019-10-03,36313.13
10:05:13.130000,9.86,9.85,9.84,9.83,9.82,200,2498,700,2200,1300,9.87,9.88,9.89,9.9,9.91,1700,900,2400,3200,2300,2019-10-03,36313.13
10:05:13.130000,9.85,9.84,9.83,9.82,9.81,2498,700,2200,1300,1600,9.87,9.88,9.89,9.9,9.91,1700,900,2400,3200,2300,2019-10-03,36313.13
10:05:13.407000,9.86,9.85,9.84,9.83,9.82,1100,2498,700,2100,1300,9.87,9.88,9.89,9.9,9.91,1600,1000,2400,3200,2300,2019-10-03,36313.407
10:05:13.407000,9.86,9.85,9.84,9.83,9.82,1000,2498,700,2100,1300,9.87,9.88,9.89,9.9,9.91,1600,1000,2400,3200,2300,2019-10-03,36313.407
10:05:13.407000,9.86,9.85,9.84,9.83,9.82,900,2498,700,2100,1300,9.87,9.88,9.89,9.9,9.91,1600,1000,2400,3200,2300,2019-10-03,36313.407
10:07:26.840000,9.86,9.85,9.84,9.83,9.82,400,2698,700,1300,1500,9.87,9.88,9.89,9.9,9.91,1600,1100,2400,3100,2500,2019-10-03,36446.84
10:07:26.840000,9.86,9.85,9.84,9.83,9.82,300,2698,700,1300,1500,9.87,9.88,9.89,9.9,9.91,1600,1100,2400,3100,2500,2019-10-03,36446.84
10:07:26.840000,9.86,9.85,9.84,9.83,9.82,100,2698,700,1300,1500,9.87,9.88,9.89,9.9,9.91,1600,1100,2400,3100,2500,2019-10-03,36446.84
10:07:26.840000,9.85,9.84,9.83,9.82,9.81,2698,700,1300,1500,2200,9.87,9.88,9.89,9.9,9.91,1600,1100,2400,3100,2500,2019-10-03,36446.84
10:07:37.667000,9.85,9.84,9.83,9.82,9.81,1678,700,600,1300,2100,9.86,9.87,9.88,9.89,9.9,1100,1700,2200,3400,2300,2019-10-03,36457.667
10:07:37.668000,9.85,9.84,9.83,9.82,9.81,676,700,600,1300,2100,9.86,9.87,9.88,9.89,9.9,1100,1700,2200,3400,2300,2019-10-03,36457.668
10:08:13.757000,9.85,9.84,9.83,9.82,9.81,1000,600,500,1300,1500,9.86,9.87,9.88,9.89,9.9,1200,1500,2200,3600,2257,2019-10-03,36493.757
10:08:13.757000,9.85,9.84,9.83,9.82,9.81,900,600,500,1300,1500,9.86,9.87,9.88,9.89,9.9,1200,1500,2200,3600,2257,2019-10-03,36493.757
10:08:13.757000,9.85,9.84,9.83,9.82,9.81,700,600,500,1300,1500,9.86,9.87,9.88,9.89,9.9,1200,1500,2200,3600,2257,2019-10-03,36493.757
10:08:13.757000,9.85,9.84,9.83,9.82,9.81,600,600,500,1300,1500,9.86,9.87,9.88,9.89,9.9,1200,1500,2200,3600,2257,2019-10-03,36493.757
10:08:13.757000,9.85,9.84,9.83,9.82,9.81,500,600,500,1300,1500,9.86,9.87,9.88,9.89,9.9,1200,1500,2200,3600,2257,2019-10-03,36493.757
10:08:13.757000,9.85,9.84,9.83,9.82,9.81,400,600,500,1300,1500,9.86,9.87,9.88,9.89,9.9,1200,1500,2200,3600,2257,2019-10-03,36493.757
10:08:13.757000,9.85,9.84,9.83,9.82,9.81,300,600,500,1300,1500,9.86,9.87,9.88,9.89,9.9,1200,1500,2200,3600,2257,2019-10-03,36493.757
10:08:13.757000,9.85,9.84,9.83,9.82,9.81,200,600,500,1300,1500,9.86,9.87,9.88,9.89,9.9,1200,1500,2200,3600,2257,2019-10-03,36493.757
10:08:13.757000,9.84,9.83,9.82,9.81,9.8,600,500,1300,1500,1200,9.86,9.87,9.88,9.89,9.9,1200,1500,2200,3600,2257,2019-10-03,36493.757
10:08:13.758000,9.84,9.83,9.82,9.81,9.8,547,500,1300,1500,1200,9.85,9.86,9.87,9.88,9.89,3703,1420,2500,2200,3700,2019-10-03,36493.758
10:08:13.758000,9.84,9.83,9.82,9.81,9.8,460,500,1300,1500,1200,9.85,9.86,9.87,9.88,9.89,3703,1420,2500,2200,3700,2019-10-03,36493.758
10:08:13.758000,9.84,9.83,9.82,9.81,9.8,300,500,1300,1500,1200,9.85,9.86,9.87,9.88,9.89,3803,1420,2500,2200,3700,2019-10-03,36493.758
10:08:13.758000,9.84,9.83,9.82,9.81,9.8,200,500,1300,1500,1200,9.85,9.86,9.87,9.88,9.89,3803,1420,2500,2200,3700,2019-10-03,36493.758
10:08:13.758000,9.84,9.83,9.82,9.81,9.8,100,500,1300,1500,1200,9.85,9.86,9.87,9.88,9.89,3803,1420,2500,2200,3700,2019-10-03,36493.758
10:08:13.758000,9.84,9.83,9.82,9.81,9.8,53,500,1300,1500,1200,9.85,9.86,9.87,9.88,9.89,3803,1420,2500,2200,3700,2019-10-03,36493.758
10:08:13.758000,9.83,9.82,9.81,9.8,9.79,500,1300,1500,1200,600,9.85,9.86,9.87,9.88,9.89,4403,1420,2500,2200,3700,2019-10-03,36493.758
10:08:13.772000,9.83,9.82,9.81,9.8,9.79,795,1400,1500,1200,500,9.84,9.85,9.86,9.87,9.88,1400,3403,1420,3300,2300,2019-10-03,36493.772
10:08:13.772000,9.83,9.82,9.81,9.8,9.79,695,1400,1500,1200,500,9.84,9.85,9.86,9.87,9.88,1400,3403,1420,3300,2300,2019-10-03,36493.772
10:08:13.772000,9.83,9.82,9.81,9.8,9.79,618,1400,1500,1200,500,9.84,9.85,9.86,9.87,9.88,1400,3403,1420,3300,2300,2019-10-03,36493.772
10:08:13.772000,9.83,9.82,9.81,9.8,9.79,617,1400,1500,1200,500,9.84,9.85,9.86,9.87,9.88,2000,3403,1420,3300,2300,2019-10-03,36493.772
10:08:13.772000,9.82,9.81,9.8,9.79,9.78,1400,1500,1200,500,1463,9.84,9.85,9.86,9.87,9.88,2000,3403,1420,3300,2300,2019-10-03,36493.772
10:08:14.375000,9.82,9.81,9.8,9.79,9.78,800,1500,1100,1300,1463,9.83,9.84,9.85,9.86,9.87,792,1300,2703,1300,2600,2019-10-03,36494.375
10:08:14.375000,9.82,9.81,9.8,9.79,9.78,700,1500,1100,1300,1463,9.83,9.84,9.85,9.86,9.87,792,1300,2703,1300,2600,2019-10-03,36494.375
10:08:14.375000,9.82,9.81,9.8,9.79,9.78,600,1500,1100,1300,1463,9.83,9.84,9.85,9.86,9.87,792,1300,2703,1300,2600,2019-10-03,36494.375
10:08:16.239000,9.82,9.81,9.8,9.79,9.78,600,700,1300,1500,1363,9.83,9.84,9.85,9.86,9.87,500,1800,3803,1300,2800,2019-10-03,36496.239
10:08:16.239000,9.82,9.81,9.8,9.79,9.78,600,700,1300,1500,1363,9.83,9.84,9.85,9.86,9.87,300,1800,3803,1300,2800,2019-10-03,36496.239
10:08:16.239000,9.82,9.81,9.8,9.79,9.78,600,700,1300,1500,1363,9.83,9.84,9.85,9.86,9.87,200,1800,3803,1300,2800,2019-10-03,36496.239
10:08:34.717000,9.82,9.81,9.8,9.79,9.78,800,700,1300,1500,1663,9.83,9.84,9.85,9.86,9.87,700,1700,3903,1600,2700,2019-10-03,36514.717
10:08:34.717000,9.82,9.81,9.8,9.79,9.78,800,700,1300,1500,1663,9.83,9.84,9.85,9.86,9.87,400,1700,3903,1600,2700,2019-10-03,36514.717
10:08:34.717000,9.82,9.81,9.8,9.79,9.78,800,700,1300,1500,1663,9.83,9.84,9.85,9.86,9.87,200,1700,3903,1600,2700,2019-10-03,36514.717
10:08:34.717000,9.82,9.81,9.8,9.79,9.78,800,700,1300,1500,1663,9.84,9.85,9.86,9.87,9.88,1700,3903,1600,2700,2500,2019-10-03,36514.717
10:08:34.717000,9.82,9.81,9.8,9.79,9.78,2100,700,1300,1500,1663,9.84,9.85,9.86,9.87,9.88,1700,3903,1600,2700,2500,2019-10-03,36514.717
10:08:34.717000,9.82,9.81,9.8,9.79,9.78,2400,700,1300,1500,1663,9.84,9.85,9.86,9.87,9.88,1700,3903,1600,2700,2500,2019-10-03,36514.717
10:08:34.717000,9.82,9.81,9.8,9.79,9.78,2621,700,1300,1500,1663,9.84,9.85,9.86,9.87,9.88,1701,3903,1600,2700,2500,2019-10-03,36514.717
10:08:36.940000,9.83,9.82,9.81,9.8,9.79,100,1021,700,2200,1500,9.84,9.85,9.86,9.87,9.88,1701,2603,2600,2800,2400,2019-10-03,36516.94
10:08:36.940000,9.82,9.81,9.8,9.79,9.78,1021,700,2200,1500,1663,9.84,9.85,9.86,9.87,9.88,1701,2603,2600,2800,2400,2019-10-03,36516.94
10:08:36.940000,9.82,9.81,9.8,9.79,9.78,921,700,2200,1500,1663,9.84,9.85,9.86,9.87,9.88,1701,2603,2600,2800,2400,2019-10-03,36516.94
10:08:40.987000,9.82,9.81,9.8,9.79,9.78,1100,500,2200,1500,1763,9.84,9.85,9.86,9.87,9.88,2101,2703,2600,3000,2400,2019-10-03,36520.987
10:09:15.092000,9.82,9.81,9.8,9.79,9.78,1700,600,700,2400,1663,9.83,9.84,9.85,9.86,9.87,100,1700,3603,2600,1900,2019-10-03,36555.092
10:09:15.092000,9.82,9.81,9.8,9.79,9.78,1700,600,700,2400,1663,9.84,9.85,9.86,9.87,9.88,1700,3603,2600,1900,3100,2019-10-03,36555.092
10:09:17.594000,9.84,9.83,9.82,9.81,9.8,300,1000,1900,2600,1700,9.85,9.86,9.87,9.88,9.89,1900,1900,1900,3100,1300,2019-10-03,36557.594
10:09:17.594000,9.83,9.82,9.81,9.8,9.79,1000,1900,2600,1700,1600,9.85,9.86,9.87,9.88,9.89,1900,1900,1900,3100,1300,2019-10-03,36557.594
10:10:05.672000,9.83,9.82,9.81,9.8,9.79,1500,1100,2300,1600,1800,9.85,9.86,9.87,9.88,9.89,900,1500,2100,3500,1300,2019-10-03,36605.672
10:10:05.674000,9.83,9.82,9.81,9.8,9.79,1100,1100,2300,1600,1800,9.85,9.86,9.87,9.88,9.89,1914,1600,2100,3500,1300,2019-10-03,36605.674
10:10:11.693000,9.83,9.82,9.81,9.8,9.79,1400,1100,1600,1600,1800,9.84,9.85,9.86,9.87,9.88,801,900,2500,2300,3500,2019-10-03,36611.693
10:10:11.693000,9.83,9.82,9.81,9.8,9.79,1400,1100,1600,1600,1800,9.84,9.85,9.86,9.87,9.88,601,900,2500,2300,3500,2019-10-03,36611.693
10:10:11.693000,9.83,9.82,9.81,9.8,9.79,1400,1100,1600,1600,1800,9.84,9.85,9.86,9.87,9.88,600,900,2500,2300,3500,2019-10-03,36611.693
10:10:11.693000,9.83,9.82,9.81,9.8,9.79,1400,1100,1600,1600,1800,9.84,9.85,9.86,9.87,9.88,400,900,2500,2300,3500,2019-10-03,36611.693
10:10:11.693000,9.83,9.82,9.81,9.8,9.79,1400,1100,1600,1600,1800,9.84,9.85,9.86,9.87,9.88,300,900,2500,2300,3500,2019-10-03,36611.693
10:10:11.693000,9.83,9.82,9.81,9.8,9.79,1400,1100,1600,1600,1800,9.85,9.86,9.87,9.88,9.89,900,2500,2300,3500,1300,2019-10-03,36611.693
10:10:13.024000,9.84,9.83,9.82,9.81,9.8,400,900,1100,2600,1900,9.85,9.86,9.87,9.88,9.89,900,1300,2200,3400,1400,2019-10-03,36613.024
10:10:13.024000,9.84,9.83,9.82,9.81,9.8,200,900,1100,2600,1900,9.85,9.86,9.87,9.88,9.89,900,1300,2200,3400,1400,2019-10-03,36613.024
10:10:28.708000,9.83,9.82,9.81,9.8,9.79,1000,1100,2300,1900,1900,9.85,9.86,9.87,9.88,9.89,2300,1500,2300,3400,1400,2019-10-03,36628.708
10:11:00.749000,9.83,9.82,9.81,9.8,9.79,2330,1200,900,2400,2200,9.84,9.85,9.86,9.87,9.88,16,1600,2400,3000,2400,2019-10-03,36660.749
10:11:00.749000,9.83,9.82,9.81,9.8,9.79,2330,1200,900,2400,2200,9.85,9.86,9.87,9.88,9.89,1600,2400,3000,2400,1200,2019-10-03,36660.749
10:11:13.062000,9.84,9.83,9.82,9.81,9.8,300,1300,1200,1700,2700,9.85,9.86,9.87,9.88,9.89,1200,1400,3000,2600,1200,2019-10-03,36673.062
10:11:13.062000,9.84,9.83,9.82,9.81,9.8,200,1300,1200,1700,2700,9.85,9.86,9.87,9.88,9.89,1200,1400,3000,2600,1200,2019-10-03,36673.062
10:11:13.062000,9.84,9.83,9.82,9.81,9.8,100,1300,1200,1700,2700,9.85,9.86,9.87,9.88,9.89,1200,1400,3000,2600,1200,2019-10-03,36673.062
10:11:13.062000,9.83,9.82,9.81,9.8,9.79,1300,1200,1700,2700,2200,9.85,9.86,9.87,9.88,9.89,1200,1400,3000,2600,1200,2019-10-03,36673.062
10:11:13.062000,9.83,9.82,9.81,9.8,9.79,1200,1200,1700,2700,2200,9.85,9.86,9.87,9.88,9.89,1200,1400,3000,2600,1200,2019-10-03,36673.062
10:11:13.062000,9.83,9.82,9.81,9.8,9.79,1100,1200,1700,2700,2200,9.85,9.86,9.87,9.88,9.89,1200,1400,3000,2600,1200,2019-10-03,36673.062
10:11:13.062000,9.83,9.82,9.81,9.8,9.79,900,1200,1700,2700,2200,9.85,9.86,9.87,9.88,9.89,1200,1400,3000,2600,1200,2019-10-03,36673.062
10:11:13.062000,9.83,9.82,9.81,9.8,9.79,808,1200,1700,2700,2200,9.85,9.86,9.87,9.88,9.89,1200,1400,3000,2600,1200,2019-10-03,36673.062
10:11:14.947000,9.83,9.82,9.81,9.8,9.79,300,1100,700,2700,2100,9.84,9.85,9.86,9.87,9.88,2846,900,2500,3200,2600,2019-10-03,36674.947
10:11:35.120000,9.83,9.82,9.81,9.8,9.79,100,1100,900,2700,2100,9.84,9.85,9.86,9.87,9.88,2195,900,2500,3200,2500,2019-10-03,36695.12
10:11:35.120000,9.82,9.81,9.8,9.79,9.78,1100,900,2700,2100,1563,9.84,9.85,9.86,9.87,9.88,2195,900,2500,3200,2500,2019-10-03,36695.12
10:11:35.121000,9.82,9.81,9.8,9.79,9.78,1100,900,2700,2100,1563,9.83,9.84,9.85,9.86,9.87,1956,2419,2000,2500,3200,2019-10-03,36695.121
10:11:35.121000,9.82,9.81,9.8,9.79,9.78,1100,900,2700,2100,1563,9.83,9.84,9.85,9.86,9.87,1656,2419,2000,2500,3200,2019-10-03,36695.121
10:11:35.121000,9.82,9.81,9.8,9.79,9.78,1100,900,2700,2100,1563,9.83,9.84,9.85,9.86,9.87,1556,2419,2000,2500,3200,2019-10-03,36695.121
