id,time,side,price,qty,xchTime,date,time_elapsed
74,09:30:00.977000,,10.21,9966,34200977,2019-10-02,34200.977
562,09:30:18.678000,BUY,10.22,2,34218678,2019-10-02,34218.678
554,09:30:18.678000,SELL,10.21,100,34218678,2019-10-02,34218.678
669,09:30:51.531000,SELL,10.2,200,34251531,2019-10-02,34251.531
680,09:30:51.531000,BUY,10.22,19,34251531,2019-10-02,34251.531
685,09:30:51.531000,BUY,10.21,100,34251531,2019-10-02,34251.531
687,09:30:51.531000,BUY,10.22,1,34251531,2019-10-02,34251.531
693,09:30:51.531000,BUY,10.22,80,34251531,2019-10-02,34251.531
695,09:30:51.531000,BUY,10.22,20,34251531,2019-10-02,34251.531
697,09:30:51.531000,BUY,10.22,19,34251531,2019-10-02,34251.531
722,09:30:51.539000,BUY,10.22,27,34251539,2019-10-02,34251.539
709,09:30:51.532000,SELL,10.21,319,34251532,2019-10-02,34251.532
797,09:31:04.091000,SELL,10.2,100,34264091,2019-10-02,34264.091
800,09:31:04.091000,SELL,10.2,100,34264091,2019-10-02,34264.091
924,09:32:05.107000,SELL,10.19,200,34325107,2019-10-02,34325.107
1172,09:32:34.758000,BUY,10.17,200,34354758,2019-10-02,34354.758
1195,09:32:34.759000,BUY,10.18,200,34354759,2019-10-02,34354.759
1199,09:32:34.759000,BUY,10.18,100,34354759,2019-10-02,34354.759
1201,09:32:34.759000,BUY,10.18,100,34354759,2019-10-02,34354.759
1265,09:32:37.714000,BUY,10.19,300,34357714,2019-10-02,34357.714
1398,09:32:39.429000,BUY,10.2,300,34359429,2019-10-02,34359.429
1353,09:32:39.348000,SELL,10.2,100,34359348,2019-10-02,34359.348
1609,09:33:12.066000,SELL,10.17,300,34392066,2019-10-02,34392.066
1613,09:33:12.066000,SELL,10.17,100,34392066,2019-10-02,34392.066
1615,09:33:12.066000,SELL,10.17,100,34392066,2019-10-02,34392.066
1617,09:33:12.066000,SELL,10.17,100,34392066,2019-10-02,34392.066
1619,09:33:12.066000,SELL,10.17,100,34392066,2019-10-02,34392.066
1672,09:33:12.159000,BUY,10.17,200,34392159,2019-10-02,34392.159
1676,09:33:12.159000,BUY,10.17,800,34392159,2019-10-02,34392.159
1697,09:33:12.162000,SELL,10.17,800,34392162,2019-10-02,34392.162
1701,09:33:12.162000,SELL,10.17,400,34392162,2019-10-02,34392.162
1703,09:33:12.162000,SELL,10.17,100,34392162,2019-10-02,34392.162
1772,09:33:14.339000,BUY,10.17,400,34394339,2019-10-02,34394.339
1777,09:33:14.339000,BUY,10.17,100,34394339,2019-10-02,34394.339
1836,09:33:15.559000,BUY,10.18,300,34395559,2019-10-02,34395.559
1886,09:33:16.068000,SELL,10.18,400,34396068,2019-10-02,34396.068
1890,09:33:16.068000,SELL,10.18,100,34396068,2019-10-02,34396.068
2016,09:33:28.922000,BUY,10.18,200,34408922,2019-10-02,34408.922
2020,09:33:28.922000,BUY,10.18,100,34408922,2019-10-02,34408.922
2030,09:33:28.922000,BUY,10.18,100,34408922,2019-10-02,34408.922
2165,09:34:08.329000,SELL,10.17,187,34448329,2019-10-02,34448.329
2410,09:34:42.693000,SELL,10.15,13,34482693,2019-10-02,34482.693
2499,09:34:51.465000,SELL,10.14,300,34491465,2019-10-02,34491.465
2564,09:34:53.100000,SELL,10.13,100,34493100,2019-10-02,34493.1
2755,09:35:09.830000,SELL,10.12,200,34509830,2019-10-02,34509.83
2774,09:35:09.830000,SELL,10.12,100,34509830,2019-10-02,34509.83
2786,09:35:09.830000,SELL,10.12,1,34509830,2019-10-02,34509.83
2789,09:35:09.830000,SELL,10.12,1,34509830,2019-10-02,34509.83
2791,09:35:09.830000,SELL,10.12,98,34509830,2019-10-02,34509.83
2863,09:35:11.154000,BUY,10.12,200,34511154,2019-10-02,34511.154
2867,09:35:11.154000,BUY,10.12,600,34511154,2019-10-02,34511.154
2919,09:35:11.266000,BUY,10.13,200,34511266,2019-10-02,34511.266
2923,09:35:11.266000,BUY,10.13,200,34511266,2019-10-02,34511.266
2925,09:35:11.266000,BUY,10.13,100,34511266,2019-10-02,34511.266
2928,09:35:11.266000,BUY,10.13,100,34511266,2019-10-02,34511.266
2948,09:35:11.266000,BUY,10.13,100,34511266,2019-10-02,34511.266
3011,09:35:12.470000,BUY,10.14,300,34512470,2019-10-02,34512.47
3138,09:35:20.028000,SELL,10.15,200,34520028,2019-10-02,34520.028
3142,09:35:20.028000,SELL,10.15,100,34520028,2019-10-02,34520.028
3144,09:35:20.028000,SELL,10.15,200,34520028,2019-10-02,34520.028
3170,09:35:20.031000,BUY,10.16,300,34520031,2019-10-02,34520.031
3286,09:35:57.706000,BUY,10.16,100,34557706,2019-10-02,34557.706
3449,09:36:06.664000,BUY,10.17,200,34566664,2019-10-02,34566.664
3453,09:36:06.664000,BUY,10.17,100,34566664,2019-10-02,34566.664
3455,09:36:06.664000,BUY,10.17,100,34566664,2019-10-02,34566.664
3521,09:36:07.953000,SELL,10.17,200,34567953,2019-10-02,34567.953
3525,09:36:07.953000,SELL,10.17,70,34567953,2019-10-02,34567.953
3530,09:36:07.953000,SELL,10.17,30,34567953,2019-10-02,34567.953
3770,09:36:26.035000,BUY,10.16,400,34586035,2019-10-02,34586.035
3576,09:36:11.150000,SELL,10.16,100,34571150,2019-10-02,34571.15
4132,09:36:45.881000,SELL,10.17,200,34605881,2019-10-02,34605.881
4136,09:36:45.881000,SELL,10.17,100,34605881,2019-10-02,34605.881
4241,09:37:00.022000,SELL,10.17,196,34620022,2019-10-02,34620.022
4245,09:37:00.022000,SELL,10.17,4,34620022,2019-10-02,34620.022
4369,09:37:09.743000,SELL,10.16,300,34629743,2019-10-02,34629.743
4434,09:37:10.778000,SELL,10.16,100,34630778,2019-10-02,34630.778
4436,09:37:10.778000,SELL,10.16,100,34630778,2019-10-02,34630.778
4945,09:37:53.345000,BUY,10.16,200,34673345,2019-10-02,34673.345
4949,09:37:53.345000,BUY,10.16,100,34673345,2019-10-02,34673.345
4951,09:37:53.345000,BUY,10.16,100,34673345,2019-10-02,34673.345
4965,09:37:53.345000,BUY,10.17,100,34673345,2019-10-02,34673.345
5735,09:38:33.283000,BUY,10.13,200,34713283,2019-10-02,34713.283
5655,09:38:32.524000,SELL,10.13,100,34712524,2019-10-02,34712.524
5739,09:38:33.283000,BUY,10.13,100,34713283,2019-10-02,34713.283
5741,09:38:33.283000,BUY,10.13,100,34713283,2019-10-02,34713.283
5804,09:38:33.665000,SELL,10.13,240,34713665,2019-10-02,34713.665
6107,09:38:49.462000,SELL,10.13,100,34729462,2019-10-02,34729.462
6109,09:38:49.462000,SELL,10.13,300,34729462,2019-10-02,34729.462
6457,09:39:14.600000,BUY,10.13,100,34754600,2019-10-02,34754.6
6524,09:39:15.626000,SELL,10.13,400,34755626,2019-10-02,34755.626
6528,09:39:15.626000,SELL,10.13,100,34755626,2019-10-02,34755.626
6530,09:39:15.626000,SELL,10.13,100,34755626,2019-10-02,34755.626
6532,09:39:15.626000,SELL,10.13,100,34755626,2019-10-02,34755.626
6534,09:39:15.626000,SELL,10.13,100,34755626,2019-10-02,34755.626
6536,09:39:15.626000,SELL,10.13,300,34755626,2019-10-02,34755.626
6538,09:39:15.626000,SELL,10.13,100,34755626,2019-10-02,34755.626
6614,09:39:15.647000,BUY,10.13,300,34755647,2019-10-02,34755.647
6726,09:39:24.608000,SELL,10.13,200,34764608,2019-10-02,34764.608
6730,09:39:24.608000,SELL,10.13,100,34764608,2019-10-02,34764.608
7010,09:39:42.910000,BUY,10.13,1022,34782910,2019-10-02,34782.91
7022,09:39:42.910000,BUY,10.13,178,34782910,2019-10-02,34782.91
7123,09:39:45.314000,SELL,10.13,600,34785314,2019-10-02,34785.314
7169,09:39:45.315000,BUY,10.13,200,34785315,2019-10-02,34785.315
7173,09:39:45.315000,BUY,10.13,100,34785315,2019-10-02,34785.315
7176,09:39:45.315000,BUY,10.13,47,34785315,2019-10-02,34785.315
7178,09:39:45.315000,BUY,10.13,100,34785315,2019-10-02,34785.315
7180,09:39:45.315000,BUY,10.13,100,34785315,2019-10-02,34785.315
7182,09:39:45.315000,BUY,10.13,300,34785315,2019-10-02,34785.315
7185,09:39:45.315000,BUY,10.13,100,34785315,2019-10-02,34785.315
7280,09:39:47.389000,SELL,10.13,200,34787389,2019-10-02,34787.389
7284,09:39:47.389000,SELL,10.13,1000,34787389,2019-10-02,34787.389
7286,09:39:47.389000,SELL,10.13,100,34787389,2019-10-02,34787.389
7288,09:39:47.389000,SELL,10.13,47,34787389,2019-10-02,34787.389
7290,09:39:47.389000,SELL,10.13,400,34787389,2019-10-02,34787.389
7292,09:39:47.389000,SELL,10.13,100,34787389,2019-10-02,34787.389
7294,09:39:47.389000,SELL,10.13,100,34787389,2019-10-02,34787.389
7296,09:39:47.389000,SELL,10.13,100,34787389,2019-10-02,34787.389
7298,09:39:47.389000,SELL,10.13,300,34787389,2019-10-02,34787.389
7300,09:39:47.389000,SELL,10.13,100,34787389,2019-10-02,34787.389
7490,09:39:55.596000,BUY,10.13,400,34795596,2019-10-02,34795.596
7494,09:39:55.596000,BUY,10.13,500,34795596,2019-10-02,34795.596
7517,09:39:55.597000,BUY,10.13,200,34795597,2019-10-02,34795.597
7732,09:40:02.957000,SELL,10.12,400,34802957,2019-10-02,34802.957
8214,09:40:27.132000,BUY,10.11,234,34827132,2019-10-02,34827.132
8664,09:41:04.192000,BUY,10.11,66,34864192,2019-10-02,34864.192
8687,09:41:04.192000,SELL,10.11,34,34864192,2019-10-02,34864.192
9051,09:41:27.801000,SELL,10.11,166,34887801,2019-10-02,34887.801
9206,09:41:36.375000,BUY,10.11,200,34896375,2019-10-02,34896.375
9341,09:41:43.374000,SELL,10.11,800,34903374,2019-10-02,34903.374
9345,09:41:43.374000,SELL,10.11,100,34903374,2019-10-02,34903.374
9347,09:41:43.374000,SELL,10.11,100,34903374,2019-10-02,34903.374
9349,09:41:43.374000,SELL,10.11,100,34903374,2019-10-02,34903.374
9579,09:42:01.027000,SELL,10.11,171,34921027,2019-10-02,34921.027
9711,09:42:09.410000,SELL,10.1,200,34929410,2019-10-02,34929.41
10350,09:42:56.175000,BUY,10.09,200,34976175,2019-10-02,34976.175
9949,09:42:24.375000,SELL,10.09,100,34944375,2019-10-02,34944.375
10354,09:42:56.175000,BUY,10.09,100,34976175,2019-10-02,34976.175
10455,09:43:00.067000,BUY,10.1,300,34980067,2019-10-02,34980.067
10634,09:43:18.068000,BUY,10.1,300,34998068,2019-10-02,34998.068
10636,09:43:18.068000,BUY,10.1,100,34998068,2019-10-02,34998.068
10638,09:43:18.068000,BUY,10.1,100,34998068,2019-10-02,34998.068
10693,09:43:18.325000,BUY,10.11,7,34998325,2019-10-02,34998.325
10794,09:43:23.307000,SELL,10.1,100,35003307,2019-10-02,35003.307
10804,09:43:23.307000,SELL,10.1,67,35003307,2019-10-02,35003.307
10945,09:43:26.852000,BUY,10.1,300,35006852,2019-10-02,35006.852
11288,09:43:48.571000,BUY,10.1,71,35028571,2019-10-02,35028.571
11291,09:43:48.571000,BUY,10.1,409,35028571,2019-10-02,35028.571
11293,09:43:48.571000,BUY,10.1,400,35028571,2019-10-02,35028.571
11295,09:43:48.571000,BUY,10.1,200,35028571,2019-10-02,35028.571
11354,09:43:48.573000,SELL,10.1,333,35028573,2019-10-02,35028.573
11559,09:44:03.176000,BUY,10.1,200,35043176,2019-10-02,35043.176
11563,09:44:03.176000,BUY,10.1,23,35043176,2019-10-02,35043.176
11567,09:44:03.176000,BUY,10.1,77,35043176,2019-10-02,35043.176
11591,09:44:03.176000,BUY,10.1,59,35043176,2019-10-02,35043.176
11593,09:44:03.176000,BUY,10.1,41,35043176,2019-10-02,35043.176
11812,09:44:15.998000,BUY,10.1,200,35055998,2019-10-02,35055.998
11689,09:44:04.440000,SELL,10.1,100,35044440,2019-10-02,35044.44
11816,09:44:15.998000,BUY,10.1,100,35055998,2019-10-02,35055.998
11969,09:44:21.964000,BUY,10.11,500,35061964,2019-10-02,35061.964
11973,09:44:21.964000,BUY,10.11,100,35061964,2019-10-02,35061.964
12147,09:44:28.070000,BUY,10.12,400,35068070,2019-10-02,35068.07
12350,09:44:40.126000,BUY,10.13,100,35080126,2019-10-02,35080.126
12910,09:45:35.669000,SELL,10.12,200,35135669,2019-10-02,35135.669
12914,09:45:35.669000,SELL,10.12,100,35135669,2019-10-02,35135.669
12916,09:45:35.669000,SELL,10.12,200,35135669,2019-10-02,35135.669
12918,09:45:35.669000,SELL,10.12,200,35135669,2019-10-02,35135.669
13225,09:46:15.740000,SELL,10.11,200,35175740,2019-10-02,35175.74
13931,09:47:43.138000,BUY,10.11,272,35263138,2019-10-02,35263.138
13935,09:47:43.139000,BUY,10.11,1528,35263139,2019-10-02,35263.139
14086,09:47:47.164000,BUY,10.12,80,35267164,2019-10-02,35267.164
14088,09:47:47.164000,BUY,10.12,1000,35267164,2019-10-02,35267.164
14090,09:47:47.164000,BUY,10.12,2300,35267164,2019-10-02,35267.164
14092,09:47:47.164000,BUY,10.12,100,35267164,2019-10-02,35267.164
14140,09:47:47.165000,SELL,10.12,600,35267165,2019-10-02,35267.165
14197,09:47:47.186000,SELL,10.12,100,35267186,2019-10-02,35267.186
14199,09:47:47.186000,SELL,10.12,100,35267186,2019-10-02,35267.186
14201,09:47:47.186000,SELL,10.12,1400,35267186,2019-10-02,35267.186
14203,09:47:47.186000,SELL,10.12,94,35267186,2019-10-02,35267.186
14205,09:47:47.186000,SELL,10.12,100,35267186,2019-10-02,35267.186
14207,09:47:47.186000,SELL,10.12,500,35267186,2019-10-02,35267.186
14209,09:47:47.186000,SELL,10.12,300,35267186,2019-10-02,35267.186
14404,09:48:02.215000,SELL,10.11,200,35282215,2019-10-02,35282.215
14408,09:48:02.215000,SELL,10.11,100,35282215,2019-10-02,35282.215
14638,09:48:30.596000,BUY,10.11,600,35310596,2019-10-02,35310.596
14642,09:48:30.596000,BUY,10.11,100,35310596,2019-10-02,35310.596
14768,09:48:34.366000,BUY,10.12,900,35314366,2019-10-02,35314.366
15005,09:48:47.090000,BUY,10.13,123,35327090,2019-10-02,35327.09
15026,09:48:47.090000,BUY,10.13,1,35327090,2019-10-02,35327.09
15033,09:48:47.090000,BUY,10.13,1,35327090,2019-10-02,35327.09
15048,09:48:47.112000,BUY,10.13,2,35327112,2019-10-02,35327.112
15056,09:48:47.112000,BUY,10.13,1,35327112,2019-10-02,35327.112
15064,09:48:47.114000,SELL,10.12,200,35327114,2019-10-02,35327.114
15068,09:48:47.114000,SELL,10.12,100,35327114,2019-10-02,35327.114
15070,09:48:47.114000,SELL,10.12,100,35327114,2019-10-02,35327.114
15072,09:48:47.114000,SELL,10.12,100,35327114,2019-10-02,35327.114
15074,09:48:47.114000,SELL,10.12,300,35327114,2019-10-02,35327.114
15076,09:48:47.114000,SELL,10.12,200,35327114,2019-10-02,35327.114
15078,09:48:47.114000,SELL,10.12,200,35327114,2019-10-02,35327.114
15080,09:48:47.114000,SELL,10.12,380,35327114,2019-10-02,35327.114
15082,09:48:47.114000,SELL,10.12,200,35327114,2019-10-02,35327.114
15084,09:48:47.114000,SELL,10.12,100,35327114,2019-10-02,35327.114
15086,09:48:47.114000,SELL,10.12,100,35327114,2019-10-02,35327.114
15088,09:48:47.114000,SELL,10.12,500,35327114,2019-10-02,35327.114
15090,09:48:47.114000,SELL,10.12,400,35327114,2019-10-02,35327.114
15092,09:48:47.114000,SELL,10.12,400,35327114,2019-10-02,35327.114
15119,09:48:47.114000,SELL,10.12,100,35327114,2019-10-02,35327.114
15121,09:48:47.114000,SELL,10.12,100,35327114,2019-10-02,35327.114
15134,09:48:47.114000,SELL,10.12,15,35327114,2019-10-02,35327.114
15136,09:48:47.114000,SELL,10.12,153,35327114,2019-10-02,35327.114
15138,09:48:47.114000,SELL,10.12,332,35327114,2019-10-02,35327.114
15140,09:48:47.114000,SELL,10.12,15,35327114,2019-10-02,35327.114
15145,09:48:47.114000,SELL,10.12,65,35327114,2019-10-02,35327.114
15148,09:48:47.114000,SELL,10.12,174,35327114,2019-10-02,35327.114
15150,09:48:47.114000,SELL,10.12,46,35327114,2019-10-02,35327.114
15657,09:49:47.081000,SELL,10.11,200,35387081,2019-10-02,35387.081
15661,09:49:47.081000,SELL,10.11,100,35387081,2019-10-02,35387.081
15663,09:49:47.081000,SELL,10.11,100,35387081,2019-10-02,35387.081
15665,09:49:47.081000,SELL,10.11,100,35387081,2019-10-02,35387.081
15754,09:49:47.083000,SELL,10.1,392,35387083,2019-10-02,35387.083
15980,09:50:06.416000,SELL,10.1,100,35406416,2019-10-02,35406.416
16176,09:50:11.996000,BUY,10.1,195,35411996,2019-10-02,35411.996
16698,09:51:05.260000,BUY,10.1,323,35465260,2019-10-02,35465.26
16728,09:51:05.260000,BUY,10.1,54,35465260,2019-10-02,35465.26
17164,09:51:56.904000,SELL,10.1,200,35516904,2019-10-02,35516.904
17168,09:51:56.904000,SELL,10.1,100,35516904,2019-10-02,35516.904
17170,09:51:56.904000,SELL,10.1,300,35516904,2019-10-02,35516.904
17916,09:54:09.237000,BUY,10.1,500,35649237,2019-10-02,35649.237
17920,09:54:09.237000,BUY,10.1,100,35649237,2019-10-02,35649.237
17922,09:54:09.237000,BUY,10.1,100,35649237,2019-10-02,35649.237
17924,09:54:09.237000,BUY,10.1,100,35649237,2019-10-02,35649.237
17926,09:54:09.237000,BUY,10.1,100,35649237,2019-10-02,35649.237
17972,09:54:09.274000,BUY,10.1,100,35649274,2019-10-02,35649.274
18346,09:55:00.025000,SELL,10.1,200,35700025,2019-10-02,35700.025
18446,09:55:00.026000,BUY,10.1,1000,35700026,2019-10-02,35700.026
18451,09:55:00.026000,BUY,10.1,600,35700026,2019-10-02,35700.026
18453,09:55:00.026000,BUY,10.1,100,35700026,2019-10-02,35700.026
18455,09:55:00.026000,BUY,10.1,100,35700026,2019-10-02,35700.026
18457,09:55:00.026000,BUY,10.1,100,35700026,2019-10-02,35700.026
18459,09:55:00.026000,BUY,10.1,100,35700026,2019-10-02,35700.026
18461,09:55:00.026000,BUY,10.1,100,35700026,2019-10-02,35700.026
18463,09:55:00.026000,BUY,10.1,100,35700026,2019-10-02,35700.026
18465,09:55:00.026000,BUY,10.1,100,35700026,2019-10-02,35700.026
18467,09:55:00.026000,BUY,10.1,100,35700026,2019-10-02,35700.026
18469,09:55:00.026000,BUY,10.1,100,35700026,2019-10-02,35700.026
18471,09:55:00.026000,BUY,10.1,600,35700026,2019-10-02,35700.026
18474,09:55:00.026000,BUY,10.1,200,35700026,2019-10-02,35700.026
18476,09:55:00.026000,BUY,10.1,100,35700026,2019-10-02,35700.026
18478,09:55:00.026000,BUY,10.1,100,35700026,2019-10-02,35700.026
18480,09:55:00.026000,BUY,10.1,100,35700026,2019-10-02,35700.026
18482,09:55:00.026000,BUY,10.1,100,35700026,2019-10-02,35700.026
18484,09:55:00.026000,BUY,10.1,300,35700026,2019-10-02,35700.026
18508,09:55:00.026000,SELL,10.09,100,35700026,2019-10-02,35700.026
18510,09:55:00.026000,SELL,10.09,100,35700026,2019-10-02,35700.026
18512,09:55:00.026000,SELL,10.09,100,35700026,2019-10-02,35700.026
18514,09:55:00.026000,SELL,10.09,100,35700026,2019-10-02,35700.026
18528,09:55:00.026000,BUY,10.1,100,35700026,2019-10-02,35700.026
18539,09:55:00.026000,BUY,10.1,100,35700026,2019-10-02,35700.026
18649,09:55:00.863000,BUY,10.11,200,35700863,2019-10-02,35700.863
18653,09:55:00.863000,BUY,10.11,100,35700863,2019-10-02,35700.863
18655,09:55:00.863000,BUY,10.11,300,35700863,2019-10-02,35700.863
18657,09:55:00.863000,BUY,10.11,100,35700863,2019-10-02,35700.863
18879,09:55:12.569000,BUY,10.12,200,35712569,2019-10-02,35712.569
18883,09:55:12.569000,BUY,10.12,100,35712569,2019-10-02,35712.569
18885,09:55:12.569000,BUY,10.12,400,35712569,2019-10-02,35712.569
18887,09:55:12.569000,BUY,10.12,100,35712569,2019-10-02,35712.569
18889,09:55:12.569000,BUY,10.12,600,35712569,2019-10-02,35712.569
19009,09:55:12.595000,SELL,10.12,200,35712595,2019-10-02,35712.595
19016,09:55:12.595000,SELL,10.12,500,35712595,2019-10-02,35712.595
19018,09:55:12.595000,SELL,10.12,100,35712595,2019-10-02,35712.595
19020,09:55:12.595000,SELL,10.12,100,35712595,2019-10-02,35712.595
19022,09:55:12.595000,SELL,10.12,100,35712595,2019-10-02,35712.595
19024,09:55:12.595000,SELL,10.12,100,35712595,2019-10-02,35712.595
19026,09:55:12.595000,SELL,10.12,100,35712595,2019-10-02,35712.595
19028,09:55:12.595000,SELL,10.12,100,35712595,2019-10-02,35712.595
19030,09:55:12.595000,SELL,10.12,100,35712595,2019-10-02,35712.595
19032,09:55:12.595000,SELL,10.12,100,35712595,2019-10-02,35712.595
19034,09:55:12.595000,SELL,10.12,91,35712595,2019-10-02,35712.595
19042,09:55:12.595000,SELL,10.12,9,35712595,2019-10-02,35712.595
19044,09:55:12.595000,SELL,10.12,600,35712595,2019-10-02,35712.595
19046,09:55:12.595000,SELL,10.12,100,35712595,2019-10-02,35712.595
19048,09:55:12.595000,SELL,10.12,300,35712595,2019-10-02,35712.595
19050,09:55:12.595000,SELL,10.12,300,35712595,2019-10-02,35712.595
19314,09:55:26.069000,BUY,10.12,500,35726069,2019-10-02,35726.069
19318,09:55:26.069000,BUY,10.12,1000,35726069,2019-10-02,35726.069
19320,09:55:26.069000,BUY,10.12,100,35726069,2019-10-02,35726.069
19322,09:55:26.069000,BUY,10.12,500,35726069,2019-10-02,35726.069
19324,09:55:26.069000,BUY,10.12,300,35726069,2019-10-02,35726.069
19326,09:55:26.069000,BUY,10.12,300,35726069,2019-10-02,35726.069
19328,09:55:26.069000,BUY,10.12,100,35726069,2019-10-02,35726.069
19352,09:55:26.069000,SELL,10.11,100,35726069,2019-10-02,35726.069
19354,09:55:26.069000,SELL,10.11,100,35726069,2019-10-02,35726.069
19356,09:55:26.069000,SELL,10.11,100,35726069,2019-10-02,35726.069
19358,09:55:26.069000,SELL,10.11,300,35726069,2019-10-02,35726.069
19599,09:55:35.580000,SELL,10.12,200,35735580,2019-10-02,35735.58
19603,09:55:35.580000,SELL,10.12,100,35735580,2019-10-02,35735.58
19605,09:55:35.580000,SELL,10.12,100,35735580,2019-10-02,35735.58
19607,09:55:35.580000,SELL,10.12,100,35735580,2019-10-02,35735.58
19609,09:55:35.580000,SELL,10.12,100,35735580,2019-10-02,35735.58
19611,09:55:35.580000,SELL,10.12,100,35735580,2019-10-02,35735.58
19613,09:55:35.580000,SELL,10.12,100,35735580,2019-10-02,35735.58
19615,09:55:35.580000,SELL,10.12,100,35735580,2019-10-02,35735.58
19839,09:55:46.851000,SELL,10.11,200,35746851,2019-10-02,35746.851
19843,09:55:46.851000,SELL,10.11,100,35746851,2019-10-02,35746.851
19845,09:55:46.851000,SELL,10.11,100,35746851,2019-10-02,35746.851
19847,09:55:46.851000,SELL,10.11,100,35746851,2019-10-02,35746.851
19849,09:55:46.851000,SELL,10.11,100,35746851,2019-10-02,35746.851
19851,09:55:46.851000,SELL,10.11,100,35746851,2019-10-02,35746.851
19853,09:55:46.851000,SELL,10.11,47,35746851,2019-10-02,35746.851
20262,09:56:18.752000,SELL,10.1,200,35778752,2019-10-02,35778.752
20266,09:56:18.752000,SELL,10.1,100,35778752,2019-10-02,35778.752
20268,09:56:18.752000,SELL,10.1,100,35778752,2019-10-02,35778.752
20270,09:56:18.752000,SELL,10.1,100,35778752,2019-10-02,35778.752
20712,09:56:47.862000,BUY,10.1,200,35807862,2019-10-02,35807.862
20810,09:56:47.891000,SELL,10.1,600,35807891,2019-10-02,35807.891
21341,09:57:42.026000,BUY,10.1,200,35862026,2019-10-02,35862.026
21473,09:57:42.028000,SELL,10.1,200,35862028,2019-10-02,35862.028
21477,09:57:42.028000,SELL,10.1,100,35862028,2019-10-02,35862.028
21479,09:57:42.028000,SELL,10.1,100,35862028,2019-10-02,35862.028
21481,09:57:42.028000,SELL,10.1,100,35862028,2019-10-02,35862.028
21483,09:57:42.028000,SELL,10.1,600,35862028,2019-10-02,35862.028
21485,09:57:42.028000,SELL,10.1,100,35862028,2019-10-02,35862.028
21487,09:57:42.028000,SELL,10.1,100,35862028,2019-10-02,35862.028
21489,09:57:42.028000,SELL,10.1,100,35862028,2019-10-02,35862.028
21707,09:57:55.541000,BUY,10.1,200,35875541,2019-10-02,35875.541
21711,09:57:55.541000,BUY,10.1,30,35875541,2019-10-02,35875.541
21729,09:57:55.541000,BUY,10.1,100,35875541,2019-10-02,35875.541
21731,09:57:55.541000,BUY,10.1,100,35875541,2019-10-02,35875.541
21838,09:57:55.542000,SELL,10.1,900,35875542,2019-10-02,35875.542
21842,09:57:55.542000,SELL,10.1,100,35875542,2019-10-02,35875.542
21844,09:57:55.542000,SELL,10.1,100,35875542,2019-10-02,35875.542
21846,09:57:55.542000,SELL,10.1,100,35875542,2019-10-02,35875.542
22072,09:58:14.224000,SELL,10.09,1367,35894224,2019-10-02,35894.224
22412,09:58:55.901000,SELL,10.08,100,35935901,2019-10-02,35935.901
22414,09:58:55.901000,SELL,10.08,100,35935901,2019-10-02,35935.901
22603,09:59:03.014000,BUY,10.08,200,35943014,2019-10-02,35943.014
22607,09:59:03.014000,BUY,10.08,300,35943014,2019-10-02,35943.014
22609,09:59:03.014000,BUY,10.08,100,35943014,2019-10-02,35943.014
22611,09:59:03.014000,BUY,10.08,200,35943014,2019-10-02,35943.014
22795,09:59:11.843000,BUY,10.09,200,35951843,2019-10-02,35951.843
22799,09:59:11.843000,BUY,10.09,100,35951843,2019-10-02,35951.843
22801,09:59:11.843000,BUY,10.09,36,35951843,2019-10-02,35951.843
22839,09:59:11.843000,BUY,10.09,100,35951843,2019-10-02,35951.843
23004,09:59:20.423000,BUY,10.1,200,35960423,2019-10-02,35960.423
23008,09:59:20.423000,BUY,10.1,56,35960423,2019-10-02,35960.423
23010,09:59:20.423000,BUY,10.1,44,35960423,2019-10-02,35960.423
23012,09:59:20.423000,BUY,10.1,100,35960423,2019-10-02,35960.423
23014,09:59:20.423000,BUY,10.1,100,35960423,2019-10-02,35960.423
23142,09:59:20.425000,SELL,10.1,500,35960425,2019-10-02,35960.425
23146,09:59:20.425000,SELL,10.1,100,35960425,2019-10-02,35960.425
23148,09:59:20.425000,SELL,10.1,100,35960425,2019-10-02,35960.425
23150,09:59:20.425000,SELL,10.1,100,35960425,2019-10-02,35960.425
23152,09:59:20.425000,SELL,10.1,100,35960425,2019-10-02,35960.425
23154,09:59:20.425000,SELL,10.1,100,35960425,2019-10-02,35960.425
23156,09:59:20.425000,SELL,10.1,200,35960425,2019-10-02,35960.425
23158,09:59:20.425000,SELL,10.1,100,35960425,2019-10-02,35960.425
23190,09:59:20.426000,SELL,10.09,200,35960426,2019-10-02,35960.426
23194,09:59:20.426000,SELL,10.09,100,35960426,2019-10-02,35960.426
23498,09:59:59.205000,BUY,10.1,200,35999205,2019-10-02,35999.205
23502,09:59:59.205000,BUY,10.1,100,35999205,2019-10-02,35999.205
23504,09:59:59.205000,BUY,10.1,100,35999205,2019-10-02,35999.205
23506,09:59:59.205000,BUY,10.1,700,35999205,2019-10-02,35999.205
23604,09:59:59.206000,SELL,10.1,500,35999206,2019-10-02,35999.206
23608,09:59:59.206000,SELL,10.1,700,35999206,2019-10-02,35999.206
23610,09:59:59.206000,SELL,10.1,100,35999206,2019-10-02,35999.206
23612,09:59:59.206000,SELL,10.1,100,35999206,2019-10-02,35999.206
23614,09:59:59.206000,SELL,10.1,800,35999206,2019-10-02,35999.206
23616,09:59:59.206000,SELL,10.1,100,35999206,2019-10-02,35999.206
23618,09:59:59.206000,SELL,10.1,100,35999206,2019-10-02,35999.206
23620,09:59:59.206000,SELL,10.1,100,35999206,2019-10-02,35999.206
23622,09:59:59.206000,SELL,10.1,857,35999206,2019-10-02,35999.206
23624,09:59:59.206000,SELL,10.1,300,35999206,2019-10-02,35999.206
23626,09:59:59.206000,SELL,10.1,100,35999206,2019-10-02,35999.206
23628,09:59:59.206000,SELL,10.1,300,35999206,2019-10-02,35999.206
23630,09:59:59.206000,SELL,10.1,200,35999206,2019-10-02,35999.206
23647,09:59:59.206000,SELL,10.1,31,35999206,2019-10-02,35999.206
23651,09:59:59.206000,SELL,10.1,69,35999206,2019-10-02,35999.206
23653,09:59:59.206000,SELL,10.1,200,35999206,2019-10-02,35999.206
23705,09:59:59.207000,BUY,10.1,200,35999207,2019-10-02,35999.207
23709,09:59:59.207000,BUY,10.1,100,35999207,2019-10-02,35999.207
23711,09:59:59.207000,BUY,10.1,100,35999207,2019-10-02,35999.207
23713,09:59:59.207000,BUY,10.1,100,35999207,2019-10-02,35999.207
23715,09:59:59.207000,BUY,10.1,100,35999207,2019-10-02,35999.207
23735,09:59:59.207000,BUY,10.1,100,35999207,2019-10-02,35999.207
23737,09:59:59.207000,BUY,10.1,200,35999207,2019-10-02,35999.207
23739,09:59:59.207000,BUY,10.1,800,35999207,2019-10-02,35999.207
23741,09:59:59.207000,BUY,10.1,100,35999207,2019-10-02,35999.207
23743,09:59:59.207000,BUY,10.1,100,35999207,2019-10-02,35999.207
23745,09:59:59.207000,BUY,10.1,100,35999207,2019-10-02,35999.207
23747,09:59:59.207000,BUY,10.1,100,35999207,2019-10-02,35999.207
23749,09:59:59.207000,BUY,10.1,100,35999207,2019-10-02,35999.207
23751,09:59:59.207000,BUY,10.1,100,35999207,2019-10-02,35999.207
23753,09:59:59.207000,BUY,10.1,200,35999207,2019-10-02,35999.207
23755,09:59:59.207000,BUY,10.1,88,35999207,2019-10-02,35999.207
23768,09:59:59.207000,SELL,10.09,100,35999207,2019-10-02,35999.207
23770,09:59:59.207000,SELL,10.09,100,35999207,2019-10-02,35999.207
23779,09:59:59.208000,SELL,10.09,200,35999208,2019-10-02,35999.208
23783,09:59:59.208000,SELL,10.09,100,35999208,2019-10-02,35999.208
23785,09:59:59.208000,SELL,10.09,100,35999208,2019-10-02,35999.208
23787,09:59:59.208000,SELL,10.09,100,35999208,2019-10-02,35999.208
23789,09:59:59.208000,SELL,10.09,100,35999208,2019-10-02,35999.208
23791,09:59:59.208000,SELL,10.09,100,35999208,2019-10-02,35999.208
23829,09:59:59.208000,BUY,10.1,800,35999208,2019-10-02,35999.208
23933,09:59:59.310000,SELL,10.1,200,35999310,2019-10-02,35999.31
23937,09:59:59.310000,SELL,10.1,100,35999310,2019-10-02,35999.31
23939,09:59:59.310000,SELL,10.1,390,35999310,2019-10-02,35999.31
23941,09:59:59.310000,SELL,10.1,300,35999310,2019-10-02,35999.31
23943,09:59:59.310000,SELL,10.1,100,35999310,2019-10-02,35999.31
23978,09:59:59.311000,SELL,10.1,200,35999311,2019-10-02,35999.311
24005,09:59:59.312000,SELL,10.1,400,35999312,2019-10-02,35999.312
24066,09:59:59.967000,SELL,10.1,20,35999967,2019-10-02,35999.967
24080,09:59:59.969000,SELL,10.1,180,35999969,2019-10-02,35999.969
24084,09:59:59.969000,SELL,10.1,100,35999969,2019-10-02,35999.969
24086,09:59:59.969000,SELL,10.1,20,35999969,2019-10-02,35999.969
24121,10:00:00.528000,SELL,10.1,300,36000528,2019-10-02,36000.528
24556,10:01:03.834000,SELL,10.09,100,36063834,2019-10-02,36063.834
24558,10:01:03.834000,SELL,10.09,100,36063834,2019-10-02,36063.834
24560,10:01:03.834000,SELL,10.09,100,36063834,2019-10-02,36063.834
24562,10:01:03.834000,SELL,10.09,200,36063834,2019-10-02,36063.834
24618,10:01:03.834000,SELL,10.09,120,36063834,2019-10-02,36063.834
24628,10:01:03.834000,SELL,10.09,200,36063834,2019-10-02,36063.834
24630,10:01:03.834000,SELL,10.09,100,36063834,2019-10-02,36063.834
24886,10:01:21.407000,BUY,10.09,100,36081407,2019-10-02,36081.407
24890,10:01:21.407000,BUY,10.09,100,36081407,2019-10-02,36081.407
24892,10:01:21.407000,BUY,10.09,100,36081407,2019-10-02,36081.407
24894,10:01:21.407000,BUY,10.09,100,36081407,2019-10-02,36081.407
24896,10:01:21.407000,BUY,10.09,100,36081407,2019-10-02,36081.407
24898,10:01:21.407000,BUY,10.1,200,36081407,2019-10-02,36081.407
24989,10:01:21.408000,BUY,10.1,700,36081408,2019-10-02,36081.408
24993,10:01:21.408000,BUY,10.1,100,36081408,2019-10-02,36081.408
24995,10:01:21.408000,BUY,10.1,100,36081408,2019-10-02,36081.408
24997,10:01:21.408000,BUY,10.1,100,36081408,2019-10-02,36081.408
24999,10:01:21.408000,BUY,10.1,100,36081408,2019-10-02,36081.408
25001,10:01:21.408000,BUY,10.1,300,36081408,2019-10-02,36081.408
25003,10:01:21.408000,BUY,10.1,300,36081408,2019-10-02,36081.408
25005,10:01:21.408000,BUY,10.1,100,36081408,2019-10-02,36081.408
25007,10:01:21.408000,BUY,10.1,100,36081408,2019-10-02,36081.408
25009,10:01:21.408000,BUY,10.1,300,36081408,2019-10-02,36081.408
25011,10:01:21.408000,BUY,10.1,100,36081408,2019-10-02,36081.408
25013,10:01:21.408000,BUY,10.1,100,36081408,2019-10-02,36081.408
25091,10:01:21.410000,BUY,10.1,1000,36081410,2019-10-02,36081.41
25095,10:01:21.410000,BUY,10.1,100,36081410,2019-10-02,36081.41
25097,10:01:21.410000,BUY,10.1,100,36081410,2019-10-02,36081.41
25099,10:01:21.410000,BUY,10.1,100,36081410,2019-10-02,36081.41
25101,10:01:21.410000,BUY,10.1,100,36081410,2019-10-02,36081.41
25104,10:01:21.410000,BUY,10.1,100,36081410,2019-10-02,36081.41
25106,10:01:21.410000,BUY,10.1,100,36081410,2019-10-02,36081.41
25176,10:01:21.411000,SELL,10.1,500,36081411,2019-10-02,36081.411
25612,10:01:56.370000,SELL,10.09,600,36116370,2019-10-02,36116.37
25621,10:01:56.370000,SELL,10.09,100,36116370,2019-10-02,36116.37
25623,10:01:56.370000,SELL,10.09,100,36116370,2019-10-02,36116.37
25625,10:01:56.370000,SELL,10.09,100,36116370,2019-10-02,36116.37
25627,10:01:56.370000,SELL,10.09,100,36116370,2019-10-02,36116.37
25629,10:01:56.370000,SELL,10.09,100,36116370,2019-10-02,36116.37
25631,10:01:56.370000,SELL,10.09,200,36116370,2019-10-02,36116.37
25942,10:02:09.091000,BUY,10.09,200,36129091,2019-10-02,36129.091
25946,10:02:09.091000,BUY,10.09,100,36129091,2019-10-02,36129.091
25948,10:02:09.091000,BUY,10.09,45,36129091,2019-10-02,36129.091
26029,10:02:09.091000,BUY,10.1,100,36129091,2019-10-02,36129.091
26031,10:02:09.091000,SELL,10.09,100,36129091,2019-10-02,36129.091
26198,10:02:19.031000,BUY,10.1,200,36139031,2019-10-02,36139.031
26202,10:02:19.031000,BUY,10.1,100,36139031,2019-10-02,36139.031
26323,10:02:35.435000,BUY,10.1,300,36155435,2019-10-02,36155.435
26327,10:02:35.435000,BUY,10.1,100,36155435,2019-10-02,36155.435
26356,10:02:35.436000,BUY,10.1,100,36155436,2019-10-02,36155.436
26824,10:03:40.525000,SELL,10.1,53,36220525,2019-10-02,36220.525
27240,10:04:59.701000,BUY,10.11,258,36299701,2019-10-02,36299.701
27246,10:04:59.701000,BUY,10.11,100,36299701,2019-10-02,36299.701
27248,10:04:59.701000,BUY,10.11,100,36299701,2019-10-02,36299.701
27250,10:04:59.701000,BUY,10.11,100,36299701,2019-10-02,36299.701
27252,10:04:59.701000,BUY,10.11,100,36299701,2019-10-02,36299.701
27254,10:04:59.701000,BUY,10.11,200,36299701,2019-10-02,36299.701
27256,10:04:59.701000,BUY,10.11,100,36299701,2019-10-02,36299.701
27258,10:04:59.701000,BUY,10.11,100,36299701,2019-10-02,36299.701
27539,10:05:07.743000,BUY,10.12,500,36307743,2019-10-02,36307.743
27543,10:05:07.743000,BUY,10.12,800,36307743,2019-10-02,36307.743
27547,10:05:07.743000,BUY,10.12,400,36307743,2019-10-02,36307.743
27881,10:05:23.324000,BUY,10.13,200,36323324,2019-10-02,36323.324
28061,10:05:31.230000,BUY,10.13,101,36331230,2019-10-02,36331.23
28100,10:05:31.585000,BUY,10.13,2,36331585,2019-10-02,36331.585
28120,10:05:31.861000,BUY,10.13,103,36331861,2019-10-02,36331.861
28310,10:05:38.279000,SELL,10.13,200,36338279,2019-10-02,36338.279
28314,10:05:38.279000,SELL,10.13,100,36338279,2019-10-02,36338.279
28316,10:05:38.279000,SELL,10.13,100,36338279,2019-10-02,36338.279
28318,10:05:38.279000,SELL,10.13,100,36338279,2019-10-02,36338.279
28320,10:05:38.279000,SELL,10.13,100,36338279,2019-10-02,36338.279
28322,10:05:38.279000,SELL,10.13,100,36338279,2019-10-02,36338.279
28324,10:05:38.279000,SELL,10.13,100,36338279,2019-10-02,36338.279
28326,10:05:38.279000,SELL,10.13,300,36338279,2019-10-02,36338.279
28500,10:06:04.521000,SELL,10.13,1000,36364521,2019-10-02,36364.521
28504,10:06:04.521000,SELL,10.13,310,36364521,2019-10-02,36364.521
28506,10:06:04.521000,SELL,10.13,100,36364521,2019-10-02,36364.521
28508,10:06:04.521000,SELL,10.13,100,36364521,2019-10-02,36364.521
28510,10:06:04.521000,SELL,10.13,3,36364521,2019-10-02,36364.521
28512,10:06:04.521000,SELL,10.13,2900,36364521,2019-10-02,36364.521
28514,10:06:04.521000,SELL,10.13,100,36364521,2019-10-02,36364.521
28810,10:06:12.859000,BUY,10.13,1500,36372859,2019-10-02,36372.859
28641,10:06:04.526000,SELL,10.12,100,36364526,2019-10-02,36364.526
28814,10:06:12.859000,BUY,10.13,145,36372859,2019-10-02,36372.859
28816,10:06:12.859000,BUY,10.13,100,36372859,2019-10-02,36372.859
28818,10:06:12.859000,BUY,10.13,2000,36372859,2019-10-02,36372.859
28820,10:06:12.859000,BUY,10.14,100,36372859,2019-10-02,36372.859
29281,10:06:36.324000,BUY,10.14,200,36396324,2019-10-02,36396.324
29285,10:06:36.324000,BUY,10.14,100,36396324,2019-10-02,36396.324
29287,10:06:36.324000,BUY,10.14,200,36396324,2019-10-02,36396.324
29289,10:06:36.324000,BUY,10.14,600,36396324,2019-10-02,36396.324
29291,10:06:36.324000,BUY,10.14,100,36396324,2019-10-02,36396.324
29293,10:06:36.324000,BUY,10.14,100,36396324,2019-10-02,36396.324
29568,10:06:43.045000,BUY,10.15,301,36403045,2019-10-02,36403.045
29598,10:06:43.154000,BUY,10.15,100,36403154,2019-10-02,36403.154
29655,10:06:45.158000,SELL,10.14,200,36405158,2019-10-02,36405.158
29659,10:06:45.158000,SELL,10.14,100,36405158,2019-10-02,36405.158
29661,10:06:45.158000,SELL,10.14,100,36405158,2019-10-02,36405.158
29776,10:06:56.078000,BUY,10.15,102,36416078,2019-10-02,36416.078
30061,10:07:10.323000,SELL,10.15,120,36430323,2019-10-02,36430.323
30065,10:07:10.323000,SELL,10.15,500,36430323,2019-10-02,36430.323
30067,10:07:10.323000,SELL,10.15,100,36430323,2019-10-02,36430.323
30069,10:07:10.323000,SELL,10.15,2,36430323,2019-10-02,36430.323
30120,10:07:10.323000,SELL,10.15,42,36430323,2019-10-02,36430.323
30122,10:07:10.323000,SELL,10.15,58,36430323,2019-10-02,36430.323
30124,10:07:10.323000,SELL,10.15,100,36430323,2019-10-02,36430.323
30743,10:08:12.160000,BUY,10.15,400,36492160,2019-10-02,36492.16
31050,10:08:36.419000,SELL,10.15,200,36516419,2019-10-02,36516.419
31054,10:08:36.419000,SELL,10.15,425,36516419,2019-10-02,36516.419
31056,10:08:36.419000,SELL,10.15,2,36516419,2019-10-02,36516.419
31097,10:08:36.419000,SELL,10.15,14,36516419,2019-10-02,36516.419
31099,10:08:36.419000,SELL,10.15,24,36516419,2019-10-02,36516.419
31103,10:08:36.419000,SELL,10.15,62,36516419,2019-10-02,36516.419
31897,10:10:22.378000,BUY,10.15,100,36622378,2019-10-02,36622.378
31901,10:10:22.378000,BUY,10.15,38,36622378,2019-10-02,36622.378
31903,10:10:22.378000,BUY,10.15,100,36622378,2019-10-02,36622.378
31905,10:10:22.378000,BUY,10.15,100,36622378,2019-10-02,36622.378
31907,10:10:22.378000,BUY,10.15,100,36622378,2019-10-02,36622.378
31909,10:10:22.378000,BUY,10.15,200,36622378,2019-10-02,36622.378
31911,10:10:22.378000,BUY,10.15,100,36622378,2019-10-02,36622.378
32064,10:10:25.423000,BUY,10.16,300,36625423,2019-10-02,36625.423
32068,10:10:25.423000,BUY,10.16,100,36625423,2019-10-02,36625.423
32144,10:10:25.681000,BUY,10.16,2,36625681,2019-10-02,36625.681
32164,10:10:25.700000,BUY,10.16,106,36625700,2019-10-02,36625.7
32420,10:10:46.050000,BUY,10.16,88,36646050,2019-10-02,36646.05
32430,10:10:46.050000,BUY,10.16,10,36646050,2019-10-02,36646.05
32458,10:10:46.051000,BUY,10.16,88,36646051,2019-10-02,36646.051
32743,10:11:00.623000,SELL,10.16,105,36660623,2019-10-02,36660.623
32747,10:11:00.623000,SELL,10.16,100,36660623,2019-10-02,36660.623
32749,10:11:00.623000,SELL,10.16,100,36660623,2019-10-02,36660.623
32751,10:11:00.623000,SELL,10.16,200,36660623,2019-10-02,36660.623
32905,10:11:00.918000,BUY,10.16,200,36660918,2019-10-02,36660.918
32909,10:11:00.918000,BUY,10.16,100,36660918,2019-10-02,36660.918
32911,10:11:00.918000,BUY,10.16,100,36660918,2019-10-02,36660.918
32913,10:11:00.918000,BUY,10.16,500,36660918,2019-10-02,36660.918
32915,10:11:00.918000,BUY,10.16,100,36660918,2019-10-02,36660.918
32917,10:11:00.918000,BUY,10.16,500,36660918,2019-10-02,36660.918
32919,10:11:00.918000,BUY,10.16,700,36660918,2019-10-02,36660.918
33013,10:11:00.921000,BUY,10.17,300,36660921,2019-10-02,36660.921
33078,10:11:02.876000,BUY,10.17,100,36662876,2019-10-02,36662.876
33080,10:11:02.876000,BUY,10.17,100,36662876,2019-10-02,36662.876
33082,10:11:02.876000,BUY,10.17,200,36662876,2019-10-02,36662.876
33084,10:11:02.876000,BUY,10.17,300,36662876,2019-10-02,36662.876
33086,10:11:02.876000,BUY,10.17,200,36662876,2019-10-02,36662.876
33088,10:11:02.876000,BUY,10.17,200,36662876,2019-10-02,36662.876
33090,10:11:02.876000,BUY,10.17,100,36662876,2019-10-02,36662.876
33516,10:12:10.276000,SELL,10.17,200,36730276,2019-10-02,36730.276
33520,10:12:10.276000,SELL,10.17,600,36730276,2019-10-02,36730.276
33522,10:12:10.276000,SELL,10.17,700,36730276,2019-10-02,36730.276
33524,10:12:10.276000,SELL,10.17,100,36730276,2019-10-02,36730.276
33843,10:12:20.590000,BUY,10.17,500,36740590,2019-10-02,36740.59
34176,10:12:30.550000,BUY,10.18,103,36750550,2019-10-02,36750.55
34155,10:12:30.539000,SELL,10.17,200,36750539,2019-10-02,36750.539
34393,10:12:47.737000,SELL,10.18,200,36767737,2019-10-02,36767.737
34397,10:12:47.737000,SELL,10.18,100,36767737,2019-10-02,36767.737
34399,10:12:47.737000,SELL,10.18,100,36767737,2019-10-02,36767.737
34722,10:13:10.597000,BUY,10.19,100,36790597,2019-10-02,36790.597
35374,10:14:40.367000,SELL,10.19,200,36880367,2019-10-02,36880.367
35378,10:14:40.367000,SELL,10.19,100,36880367,2019-10-02,36880.367
35430,10:14:40.367000,SELL,10.19,75,36880367,2019-10-02,36880.367
35436,10:14:40.367000,SELL,10.19,25,36880367,2019-10-02,36880.367
35769,10:15:10.334000,BUY,10.19,109,36910334,2019-10-02,36910.334
35779,10:15:10.334000,BUY,10.19,91,36910334,2019-10-02,36910.334
35781,10:15:10.334000,BUY,10.2,9,36910334,2019-10-02,36910.334
35795,10:15:10.334000,BUY,10.2,36,36910334,2019-10-02,36910.334
35801,10:15:10.334000,BUY,10.2,55,36910334,2019-10-02,36910.334
36239,10:15:20.831000,BUY,10.19,200,36920831,2019-10-02,36920.831
36034,10:15:13.900000,SELL,10.19,100,36913900,2019-10-02,36913.9
36973,10:16:43.388000,SELL,10.19,200,37003388,2019-10-02,37003.388
36977,10:16:43.388000,SELL,10.19,100,37003388,2019-10-02,37003.388
36979,10:16:43.388000,SELL,10.19,100,37003388,2019-10-02,37003.388
37561,10:18:30.567000,SELL,10.18,200,37110567,2019-10-02,37110.567
37565,10:18:30.567000,SELL,10.18,100,37110567,2019-10-02,37110.567
37567,10:18:30.567000,SELL,10.18,100,37110567,2019-10-02,37110.567
37569,10:18:30.567000,SELL,10.18,100,37110567,2019-10-02,37110.567
37571,10:18:30.567000,SELL,10.18,600,37110567,2019-10-02,37110.567
37573,10:18:30.567000,SELL,10.18,100,37110567,2019-10-02,37110.567
37575,10:18:30.567000,SELL,10.18,200,37110567,2019-10-02,37110.567
37577,10:18:30.567000,SELL,10.18,200,37110567,2019-10-02,37110.567
37579,10:18:30.567000,SELL,10.18,300,37110567,2019-10-02,37110.567
37581,10:18:30.567000,SELL,10.18,100,37110567,2019-10-02,37110.567
37583,10:18:30.567000,SELL,10.18,420,37110567,2019-10-02,37110.567
37585,10:18:30.567000,SELL,10.18,200,37110567,2019-10-02,37110.567
37587,10:18:30.567000,SELL,10.18,100,37110567,2019-10-02,37110.567
37589,10:18:30.567000,SELL,10.18,900,37110567,2019-10-02,37110.567
37643,10:18:30.568000,SELL,10.18,200,37110568,2019-10-02,37110.568
37647,10:18:30.568000,SELL,10.18,213,37110568,2019-10-02,37110.568
37651,10:18:30.568000,SELL,10.18,30,37110568,2019-10-02,37110.568
37657,10:18:30.568000,SELL,10.18,255,37110568,2019-10-02,37110.568
37661,10:18:30.568000,SELL,10.18,5,37110568,2019-10-02,37110.568
37738,10:18:30.595000,BUY,10.18,200,37110595,2019-10-02,37110.595
37742,10:18:30.595000,BUY,10.18,100,37110595,2019-10-02,37110.595
37745,10:18:30.595000,BUY,10.18,100,37110595,2019-10-02,37110.595
37747,10:18:30.595000,BUY,10.18,300,37110595,2019-10-02,37110.595
37749,10:18:30.595000,BUY,10.18,700,37110595,2019-10-02,37110.595
37751,10:18:30.595000,BUY,10.18,124,37110595,2019-10-02,37110.595
37753,10:18:30.595000,BUY,10.18,100,37110595,2019-10-02,37110.595
37755,10:18:30.595000,BUY,10.18,300,37110595,2019-10-02,37110.595
37757,10:18:30.595000,BUY,10.18,400,37110595,2019-10-02,37110.595
37805,10:18:30.595000,SELL,10.18,100,37110595,2019-10-02,37110.595
38354,10:20:14.471000,SELL,10.18,200,37214471,2019-10-02,37214.471
38358,10:20:14.471000,SELL,10.18,100,37214471,2019-10-02,37214.471
38360,10:20:14.471000,SELL,10.18,100,37214471,2019-10-02,37214.471
38515,10:20:14.476000,BUY,10.18,600,37214476,2019-10-02,37214.476
38519,10:20:14.476000,BUY,10.18,100,37214476,2019-10-02,37214.476
38521,10:20:14.476000,BUY,10.18,100,37214476,2019-10-02,37214.476
38524,10:20:14.476000,BUY,10.18,200,37214476,2019-10-02,37214.476
38526,10:20:14.476000,BUY,10.18,100,37214476,2019-10-02,37214.476
38528,10:20:14.476000,BUY,10.18,100,37214476,2019-10-02,37214.476
38530,10:20:14.476000,BUY,10.18,100,37214476,2019-10-02,37214.476
38532,10:20:14.476000,BUY,10.18,100,37214476,2019-10-02,37214.476
38534,10:20:14.476000,BUY,10.18,100,37214476,2019-10-02,37214.476
38536,10:20:14.476000,BUY,10.18,867,37214476,2019-10-02,37214.476
38883,10:20:32.926000,BUY,10.19,200,37232926,2019-10-02,37232.926
38887,10:20:32.926000,BUY,10.19,100,37232926,2019-10-02,37232.926
38889,10:20:32.926000,BUY,10.19,200,37232926,2019-10-02,37232.926
38891,10:20:32.926000,BUY,10.19,300,37232926,2019-10-02,37232.926
38936,10:20:32.927000,BUY,10.19,600,37232927,2019-10-02,37232.927
38986,10:20:32.943000,BUY,10.19,100,37232943,2019-10-02,37232.943
38988,10:20:32.943000,BUY,10.19,100,37232943,2019-10-02,37232.943
38990,10:20:32.943000,BUY,10.19,300,37232943,2019-10-02,37232.943
38992,10:20:32.943000,BUY,10.19,18,37232943,2019-10-02,37232.943
39411,10:21:27.146000,BUY,10.19,194,37287146,2019-10-02,37287.146
39443,10:21:27.147000,BUY,10.19,106,37287147,2019-10-02,37287.147
39447,10:21:27.147000,BUY,10.19,100,37287147,2019-10-02,37287.147
39449,10:21:27.147000,BUY,10.19,200,37287147,2019-10-02,37287.147
39894,10:22:49.289000,SELL,10.19,300,37369289,2019-10-02,37369.289
39898,10:22:49.289000,SELL,10.19,100,37369289,2019-10-02,37369.289
39900,10:22:49.289000,SELL,10.19,100,37369289,2019-10-02,37369.289
39902,10:22:49.289000,SELL,10.19,100,37369289,2019-10-02,37369.289
39904,10:22:49.289000,SELL,10.19,100,37369289,2019-10-02,37369.289
39906,10:22:49.289000,SELL,10.19,100,37369289,2019-10-02,37369.289
40160,10:22:59.404000,SELL,10.18,200,37379404,2019-10-02,37379.404
40745,10:24:40.491000,SELL,10.17,200,37480491,2019-10-02,37480.491
40749,10:24:40.491000,SELL,10.17,100,37480491,2019-10-02,37480.491
40751,10:24:40.491000,SELL,10.17,100,37480491,2019-10-02,37480.491
40753,10:24:40.491000,SELL,10.17,100,37480491,2019-10-02,37480.491
40755,10:24:40.491000,SELL,10.17,100,37480491,2019-10-02,37480.491
40757,10:24:40.491000,SELL,10.17,100,37480491,2019-10-02,37480.491
40759,10:24:40.491000,SELL,10.17,100,37480491,2019-10-02,37480.491
40761,10:24:40.491000,SELL,10.17,100,37480491,2019-10-02,37480.491
40763,10:24:40.491000,SELL,10.17,400,37480491,2019-10-02,37480.491
40765,10:24:40.491000,SELL,10.17,100,37480491,2019-10-02,37480.491
41063,10:25:00.534000,SELL,10.16,200,37500534,2019-10-02,37500.534
41338,10:25:13.760000,BUY,10.16,200,37513760,2019-10-02,37513.76
41342,10:25:13.760000,BUY,10.16,100,37513760,2019-10-02,37513.76
41349,10:25:13.760000,BUY,10.16,100,37513760,2019-10-02,37513.76
41352,10:25:13.760000,BUY,10.16,100,37513760,2019-10-02,37513.76
41373,10:25:13.760000,BUY,10.16,100,37513760,2019-10-02,37513.76
41375,10:25:13.760000,BUY,10.16,100,37513760,2019-10-02,37513.76
41377,10:25:13.760000,BUY,10.16,100,37513760,2019-10-02,37513.76
41432,10:25:13.761000,BUY,10.16,200,37513761,2019-10-02,37513.761
41436,10:25:13.761000,BUY,10.16,100,37513761,2019-10-02,37513.761
41535,10:25:14.062000,BUY,10.17,700,37514062,2019-10-02,37514.062
41539,10:25:14.062000,BUY,10.17,900,37514062,2019-10-02,37514.062
41541,10:25:14.062000,BUY,10.17,800,37514062,2019-10-02,37514.062
41543,10:25:14.062000,BUY,10.17,100,37514062,2019-10-02,37514.062
41545,10:25:14.062000,BUY,10.17,400,37514062,2019-10-02,37514.062
41547,10:25:14.062000,BUY,10.17,200,37514062,2019-10-02,37514.062
41549,10:25:14.062000,BUY,10.17,100,37514062,2019-10-02,37514.062
41551,10:25:14.062000,BUY,10.17,200,37514062,2019-10-02,37514.062
41600,10:25:14.064000,BUY,10.17,200,37514064,2019-10-02,37514.064
41604,10:25:14.064000,BUY,10.17,100,37514064,2019-10-02,37514.064
41787,10:25:26.146000,SELL,10.17,200,37526146,2019-10-02,37526.146
41791,10:25:26.146000,SELL,10.17,100,37526146,2019-10-02,37526.146
41793,10:25:26.146000,SELL,10.17,400,37526146,2019-10-02,37526.146
41795,10:25:26.146000,SELL,10.17,300,37526146,2019-10-02,37526.146
42076,10:25:43.385000,SELL,10.16,200,37543385,2019-10-02,37543.385
42080,10:25:43.385000,SELL,10.16,200,37543385,2019-10-02,37543.385
42082,10:25:43.385000,SELL,10.16,100,37543385,2019-10-02,37543.385
42084,10:25:43.385000,SELL,10.16,400,37543385,2019-10-02,37543.385
42086,10:25:43.385000,SELL,10.16,100,37543385,2019-10-02,37543.385
42299,10:26:00.146000,BUY,10.16,900,37560146,2019-10-02,37560.146
42303,10:26:00.146000,BUY,10.16,100,37560146,2019-10-02,37560.146
42305,10:26:00.146000,BUY,10.16,200,37560146,2019-10-02,37560.146
42307,10:26:00.146000,BUY,10.16,100,37560146,2019-10-02,37560.146
42572,10:26:12.166000,BUY,10.17,30,37572166,2019-10-02,37572.166
42917,10:27:47.748000,BUY,10.17,170,37667748,2019-10-02,37667.748
42921,10:27:47.748000,BUY,10.17,100,37667748,2019-10-02,37667.748
42923,10:27:47.748000,BUY,10.17,26,37667748,2019-10-02,37667.748
42929,10:27:47.748000,BUY,10.17,74,37667748,2019-10-02,37667.748
42931,10:27:47.748000,BUY,10.17,100,37667748,2019-10-02,37667.748
42933,10:27:47.748000,BUY,10.17,100,37667748,2019-10-02,37667.748
43073,10:27:50.895000,BUY,10.18,200,37670895,2019-10-02,37670.895
43077,10:27:50.895000,BUY,10.18,100,37670895,2019-10-02,37670.895
43079,10:27:50.895000,BUY,10.18,300,37670895,2019-10-02,37670.895
43185,10:27:51.772000,BUY,10.18,300,37671772,2019-10-02,37671.772
43381,10:28:23.083000,SELL,10.17,400,37703083,2019-10-02,37703.083
43464,10:28:31.605000,SELL,10.17,200,37711605,2019-10-02,37711.605
43468,10:28:31.605000,SELL,10.17,100,37711605,2019-10-02,37711.605
43470,10:28:31.605000,SELL,10.17,100,37711605,2019-10-02,37711.605
43472,10:28:31.605000,SELL,10.17,600,37711605,2019-10-02,37711.605
43474,10:28:31.605000,SELL,10.17,100,37711605,2019-10-02,37711.605
43476,10:28:31.605000,SELL,10.17,500,37711605,2019-10-02,37711.605
43478,10:28:31.605000,SELL,10.17,410,37711605,2019-10-02,37711.605
43480,10:28:31.605000,SELL,10.17,100,37711605,2019-10-02,37711.605
43482,10:28:31.605000,SELL,10.17,100,37711605,2019-10-02,37711.605
43484,10:28:31.605000,SELL,10.17,100,37711605,2019-10-02,37711.605
43486,10:28:31.605000,SELL,10.17,100,37711605,2019-10-02,37711.605
43488,10:28:31.605000,SELL,10.17,100,37711605,2019-10-02,37711.605
44099,10:29:54.080000,SELL,10.16,300,37794080,2019-10-02,37794.08
44103,10:29:54.080000,SELL,10.16,100,37794080,2019-10-02,37794.08
44105,10:29:54.080000,SELL,10.16,100,37794080,2019-10-02,37794.08
44107,10:29:54.080000,SELL,10.16,200,37794080,2019-10-02,37794.08
44109,10:29:54.080000,SELL,10.16,100,37794080,2019-10-02,37794.08
44111,10:29:54.080000,SELL,10.16,300,37794080,2019-10-02,37794.08
44314,10:30:00.570000,SELL,10.15,600,37800570,2019-10-02,37800.57
44318,10:30:00.570000,SELL,10.15,100,37800570,2019-10-02,37800.57
44320,10:30:00.570000,SELL,10.15,100,37800570,2019-10-02,37800.57
44322,10:30:00.570000,SELL,10.15,100,37800570,2019-10-02,37800.57
44324,10:30:00.570000,SELL,10.15,100,37800570,2019-10-02,37800.57
44326,10:30:00.570000,SELL,10.15,500,37800570,2019-10-02,37800.57
44646,10:30:18.069000,SELL,10.14,200,37818069,2019-10-02,37818.069
44652,10:30:18.070000,SELL,10.14,300,37818070,2019-10-02,37818.07
44999,10:30:33.247000,SELL,10.13,200,37833247,2019-10-02,37833.247
45001,10:30:33.247000,SELL,10.13,100,37833247,2019-10-02,37833.247
45303,10:31:00.889000,SELL,10.12,200,37860889,2019-10-02,37860.889
45575,10:31:14.965000,SELL,10.11,101,37874965,2019-10-02,37874.965
45580,10:31:14.965000,SELL,10.11,30,37874965,2019-10-02,37874.965
45996,10:31:55.125000,SELL,10.11,200,37915125,2019-10-02,37915.125
47079,10:33:23.760000,SELL,10.09,79,38003760,2019-10-02,38003.76
47090,10:33:23.760000,SELL,10.09,92,38003760,2019-10-02,38003.76
47092,10:33:23.760000,SELL,10.09,200,38003760,2019-10-02,38003.76
47209,10:33:23.777000,BUY,10.09,200,38003777,2019-10-02,38003.777
47220,10:33:23.777000,BUY,10.09,100,38003777,2019-10-02,38003.777
47222,10:33:23.777000,BUY,10.09,100,38003777,2019-10-02,38003.777
47224,10:33:23.777000,BUY,10.09,43,38003777,2019-10-02,38003.777
47387,10:33:34.839000,SELL,10.08,200,38014839,2019-10-02,38014.839
47391,10:33:34.839000,SELL,10.08,500,38014839,2019-10-02,38014.839
47393,10:33:34.839000,SELL,10.08,100,38014839,2019-10-02,38014.839
48224,10:35:23.374000,BUY,10.08,200,38123374,2019-10-02,38123.374
48228,10:35:23.374000,BUY,10.08,100,38123374,2019-10-02,38123.374
48230,10:35:23.374000,BUY,10.08,1,38123374,2019-10-02,38123.374
48232,10:35:23.374000,BUY,10.08,100,38123374,2019-10-02,38123.374
48485,10:35:41.995000,BUY,10.09,200,38141995,2019-10-02,38141.995
48489,10:35:41.995000,BUY,10.09,100,38141995,2019-10-02,38141.995
48491,10:35:41.995000,BUY,10.09,200,38141995,2019-10-02,38141.995
48767,10:35:51.060000,SELL,10.09,77,38151060,2019-10-02,38151.06
48775,10:35:51.060000,SELL,10.09,23,38151060,2019-10-02,38151.06
48896,10:35:51.070000,BUY,10.09,100,38151070,2019-10-02,38151.07
49482,10:37:18.888000,SELL,10.08,216,38238888,2019-10-02,38238.888
49487,10:37:18.888000,SELL,10.08,84,38238888,2019-10-02,38238.888
49489,10:37:18.888000,SELL,10.08,100,38238888,2019-10-02,38238.888
49963,10:37:58.091000,BUY,10.07,200,38278091,2019-10-02,38278.091
49967,10:37:58.091000,BUY,10.07,600,38278091,2019-10-02,38278.091
49969,10:37:58.091000,BUY,10.07,100,38278091,2019-10-02,38278.091
49971,10:37:58.091000,BUY,10.07,800,38278091,2019-10-02,38278.091
49973,10:37:58.091000,BUY,10.07,1,38278091,2019-10-02,38278.091
50192,10:38:11.227000,BUY,10.08,500,38291227,2019-10-02,38291.227
50196,10:38:11.227000,BUY,10.08,20,38291227,2019-10-02,38291.227
50503,10:38:36.264000,SELL,10.08,200,38316264,2019-10-02,38316.264
50507,10:38:36.264000,SELL,10.08,100,38316264,2019-10-02,38316.264
50509,10:38:36.264000,SELL,10.08,400,38316264,2019-10-02,38316.264
50512,10:38:36.264000,SELL,10.08,1,38316264,2019-10-02,38316.264
50514,10:38:36.264000,SELL,10.08,99,38316264,2019-10-02,38316.264
50516,10:38:36.264000,SELL,10.08,100,38316264,2019-10-02,38316.264
50688,10:38:47.353000,BUY,10.08,700,38327353,2019-10-02,38327.353
50692,10:38:47.353000,BUY,10.08,1,38327353,2019-10-02,38327.353
50694,10:38:47.353000,BUY,10.08,100,38327353,2019-10-02,38327.353
51033,10:39:11.429000,BUY,10.09,200,38351429,2019-10-02,38351.429
51037,10:39:11.429000,BUY,10.09,100,38351429,2019-10-02,38351.429
51039,10:39:11.429000,BUY,10.09,200,38351429,2019-10-02,38351.429
51261,10:39:48.234000,SELL,10.08,379,38388234,2019-10-02,38388.234
51466,10:40:15.038000,SELL,10.08,100,38415038,2019-10-02,38415.038
51468,10:40:15.038000,SELL,10.08,300,38415038,2019-10-02,38415.038
51470,10:40:15.038000,SELL,10.08,500,38415038,2019-10-02,38415.038
51472,10:40:15.038000,SELL,10.08,200,38415038,2019-10-02,38415.038
51474,10:40:15.038000,SELL,10.08,100,38415038,2019-10-02,38415.038
51476,10:40:15.038000,SELL,10.08,100,38415038,2019-10-02,38415.038
51899,10:40:41.780000,BUY,10.09,200,38441780,2019-10-02,38441.78
52145,10:40:51.497000,BUY,10.1,300,38451497,2019-10-02,38451.497
52499,10:41:23.879000,SELL,10.1,200,38483879,2019-10-02,38483.879
52503,10:41:23.879000,SELL,10.1,100,38483879,2019-10-02,38483.879
52689,10:41:28.446000,SELL,10.09,200,38488446,2019-10-02,38488.446
52693,10:41:28.446000,SELL,10.09,100,38488446,2019-10-02,38488.446
52695,10:41:28.446000,SELL,10.09,100,38488446,2019-10-02,38488.446
52697,10:41:28.446000,SELL,10.09,500,38488446,2019-10-02,38488.446
53222,10:42:12.508000,BUY,10.09,1000,38532508,2019-10-02,38532.508
53226,10:42:12.508000,BUY,10.09,1,38532508,2019-10-02,38532.508
53389,10:42:16.603000,BUY,10.1,300,38536603,2019-10-02,38536.603
53393,10:42:16.603000,BUY,10.1,100,38536603,2019-10-02,38536.603
53395,10:42:16.603000,BUY,10.1,100,38536603,2019-10-02,38536.603
53397,10:42:16.603000,BUY,10.1,100,38536603,2019-10-02,38536.603
53399,10:42:16.603000,BUY,10.1,100,38536603,2019-10-02,38536.603
53401,10:42:16.603000,BUY,10.1,400,38536603,2019-10-02,38536.603
53403,10:42:16.603000,BUY,10.1,100,38536603,2019-10-02,38536.603
53405,10:42:16.603000,BUY,10.1,100,38536603,2019-10-02,38536.603
53407,10:42:16.603000,BUY,10.1,100,38536603,2019-10-02,38536.603
53650,10:42:46.300000,BUY,10.1,105,38566300,2019-10-02,38566.3
53655,10:42:46.300000,BUY,10.1,100,38566300,2019-10-02,38566.3
54022,10:43:07.884000,SELL,10.1,200,38587884,2019-10-02,38587.884
54026,10:43:07.884000,SELL,10.1,100,38587884,2019-10-02,38587.884
54028,10:43:07.884000,SELL,10.1,100,38587884,2019-10-02,38587.884
54030,10:43:07.884000,SELL,10.1,100,38587884,2019-10-02,38587.884
54306,10:43:31.530000,BUY,10.1,200,38611530,2019-10-02,38611.53
54310,10:43:31.530000,BUY,10.1,1,38611530,2019-10-02,38611.53
54312,10:43:31.530000,BUY,10.1,100,38611530,2019-10-02,38611.53
54314,10:43:31.530000,BUY,10.1,100,38611530,2019-10-02,38611.53
54316,10:43:31.530000,BUY,10.11,100,38611530,2019-10-02,38611.53
54416,10:43:31.531000,BUY,10.11,200,38611531,2019-10-02,38611.531
54420,10:43:31.531000,BUY,10.11,400,38611531,2019-10-02,38611.531
54422,10:43:31.531000,BUY,10.11,100,38611531,2019-10-02,38611.531
54424,10:43:31.531000,BUY,10.11,100,38611531,2019-10-02,38611.531
54426,10:43:31.531000,BUY,10.11,100,38611531,2019-10-02,38611.531
54428,10:43:31.531000,BUY,10.11,400,38611531,2019-10-02,38611.531
54430,10:43:31.531000,BUY,10.11,200,38611531,2019-10-02,38611.531
54432,10:43:31.531000,BUY,10.11,300,38611531,2019-10-02,38611.531
54434,10:43:31.531000,BUY,10.11,100,38611531,2019-10-02,38611.531
54436,10:43:31.531000,BUY,10.11,200,38611531,2019-10-02,38611.531
54438,10:43:31.531000,BUY,10.11,100,38611531,2019-10-02,38611.531
54440,10:43:31.531000,BUY,10.11,100,38611531,2019-10-02,38611.531
54605,10:43:34.038000,SELL,10.11,200,38614038,2019-10-02,38614.038
54609,10:43:34.038000,SELL,10.11,100,38614038,2019-10-02,38614.038
54611,10:43:34.038000,SELL,10.11,100,38614038,2019-10-02,38614.038
55077,10:44:33.704000,SELL,10.1,200,38673704,2019-10-02,38673.704
55081,10:44:33.704000,SELL,10.1,100,38673704,2019-10-02,38673.704
55083,10:44:33.704000,SELL,10.1,200,38673704,2019-10-02,38673.704
55085,10:44:33.704000,SELL,10.1,100,38673704,2019-10-02,38673.704
55087,10:44:33.704000,SELL,10.1,300,38673704,2019-10-02,38673.704
55089,10:44:33.704000,SELL,10.1,100,38673704,2019-10-02,38673.704
55091,10:44:33.704000,SELL,10.1,100,38673704,2019-10-02,38673.704
55569,10:45:20.379000,SELL,10.09,142,38720379,2019-10-02,38720.379
55581,10:45:20.379000,SELL,10.09,50,38720379,2019-10-02,38720.379
55878,10:45:35.548000,BUY,10.09,101,38735548,2019-10-02,38735.548
55602,10:45:20.380000,SELL,10.09,8,38720380,2019-10-02,38720.38
56130,10:45:46.542000,SELL,10.09,200,38746542,2019-10-02,38746.542
56787,10:47:16.709000,BUY,10.09,201,38836709,2019-10-02,38836.709
56884,10:47:16.712000,BUY,10.1,100,38836712,2019-10-02,38836.712
56886,10:47:16.712000,BUY,10.1,500,38836712,2019-10-02,38836.712
56888,10:47:16.712000,BUY,10.1,100,38836712,2019-10-02,38836.712
56890,10:47:16.712000,BUY,10.1,200,38836712,2019-10-02,38836.712
56892,10:47:16.712000,BUY,10.1,400,38836712,2019-10-02,38836.712
56894,10:47:16.712000,BUY,10.1,200,38836712,2019-10-02,38836.712
56896,10:47:16.712000,BUY,10.1,100,38836712,2019-10-02,38836.712
56898,10:47:16.712000,BUY,10.1,1000,38836712,2019-10-02,38836.712
56900,10:47:16.712000,BUY,10.1,100,38836712,2019-10-02,38836.712
56902,10:47:16.712000,BUY,10.1,87,38836712,2019-10-02,38836.712
56904,10:47:16.712000,BUY,10.1,100,38836712,2019-10-02,38836.712
56944,10:47:16.713000,BUY,10.1,200,38836713,2019-10-02,38836.713
56951,10:47:16.713000,BUY,10.1,100,38836713,2019-10-02,38836.713
56953,10:47:16.713000,BUY,10.1,100,38836713,2019-10-02,38836.713
56955,10:47:16.713000,BUY,10.1,100,38836713,2019-10-02,38836.713
57068,10:47:16.817000,SELL,10.1,200,38836817,2019-10-02,38836.817
57072,10:47:16.817000,SELL,10.1,100,38836817,2019-10-02,38836.817
57074,10:47:16.817000,SELL,10.1,100,38836817,2019-10-02,38836.817
57076,10:47:16.817000,SELL,10.1,390,38836817,2019-10-02,38836.817
57081,10:47:16.817000,SELL,10.1,85,38836817,2019-10-02,38836.817
57087,10:47:16.817000,SELL,10.1,139,38836817,2019-10-02,38836.817
57168,10:47:16.827000,SELL,10.1,286,38836827,2019-10-02,38836.827
57291,10:47:17.762000,SELL,10.09,1000,38837762,2019-10-02,38837.762
57295,10:47:17.762000,SELL,10.09,100,38837762,2019-10-02,38837.762
57297,10:47:17.762000,SELL,10.09,300,38837762,2019-10-02,38837.762
57299,10:47:17.762000,SELL,10.09,100,38837762,2019-10-02,38837.762
57301,10:47:17.762000,SELL,10.09,100,38837762,2019-10-02,38837.762
57303,10:47:17.762000,SELL,10.09,100,38837762,2019-10-02,38837.762
57305,10:47:17.762000,SELL,10.09,100,38837762,2019-10-02,38837.762
57307,10:47:17.762000,SELL,10.09,100,38837762,2019-10-02,38837.762
57309,10:47:17.762000,SELL,10.09,400,38837762,2019-10-02,38837.762
57311,10:47:17.762000,SELL,10.09,600,38837762,2019-10-02,38837.762
57313,10:47:17.762000,SELL,10.09,800,38837762,2019-10-02,38837.762
57315,10:47:17.762000,SELL,10.09,400,38837762,2019-10-02,38837.762
57317,10:47:17.762000,SELL,10.09,100,38837762,2019-10-02,38837.762
57319,10:47:17.762000,SELL,10.09,100,38837762,2019-10-02,38837.762
57321,10:47:17.762000,SELL,10.09,100,38837762,2019-10-02,38837.762
57526,10:47:35.049000,BUY,10.1,900,38855049,2019-10-02,38855.049
57366,10:47:17.763000,SELL,10.09,100,38837763,2019-10-02,38837.763
57530,10:47:35.049000,BUY,10.1,100,38855049,2019-10-02,38855.049
57532,10:47:35.049000,BUY,10.1,932,38855049,2019-10-02,38855.049
57534,10:47:35.049000,BUY,10.1,300,38855049,2019-10-02,38855.049
57536,10:47:35.049000,BUY,10.1,300,38855049,2019-10-02,38855.049
57538,10:47:35.049000,BUY,10.1,200,38855049,2019-10-02,38855.049
57540,10:47:35.049000,BUY,10.1,100,38855049,2019-10-02,38855.049
57542,10:47:35.049000,BUY,10.1,600,38855049,2019-10-02,38855.049
57544,10:47:35.049000,BUY,10.1,100,38855049,2019-10-02,38855.049
57568,10:47:35.049000,BUY,10.1,100,38855049,2019-10-02,38855.049
57571,10:47:35.049000,BUY,10.1,800,38855049,2019-10-02,38855.049
57784,10:48:10.273000,SELL,10.1,200,38890273,2019-10-02,38890.273
57788,10:48:10.273000,SELL,10.1,100,38890273,2019-10-02,38890.273
57790,10:48:10.273000,SELL,10.1,100,38890273,2019-10-02,38890.273
57792,10:48:10.273000,SELL,10.1,100,38890273,2019-10-02,38890.273
57794,10:48:10.273000,SELL,10.1,200,38890273,2019-10-02,38890.273
57799,10:48:10.273000,SELL,10.1,400,38890273,2019-10-02,38890.273
57801,10:48:10.273000,SELL,10.1,400,38890273,2019-10-02,38890.273
58286,10:49:03.250000,SELL,10.09,200,38943250,2019-10-02,38943.25
58290,10:49:03.250000,SELL,10.09,100,38943250,2019-10-02,38943.25
58292,10:49:03.250000,SELL,10.09,100,38943250,2019-10-02,38943.25
58681,10:49:42.176000,SELL,10.08,800,38982176,2019-10-02,38982.176
58709,10:49:42.177000,SELL,10.08,100,38982177,2019-10-02,38982.177
58973,10:49:58.863000,BUY,10.08,200,38998863,2019-10-02,38998.863
58977,10:49:58.863000,BUY,10.08,1,38998863,2019-10-02,38998.863
58979,10:49:58.863000,BUY,10.08,100,38998863,2019-10-02,38998.863
58981,10:49:58.863000,BUY,10.08,100,38998863,2019-10-02,38998.863
58983,10:49:58.863000,BUY,10.08,100,38998863,2019-10-02,38998.863
59432,10:50:29.100000,BUY,10.09,326,39029100,2019-10-02,39029.1
59507,10:50:40.578000,BUY,10.09,201,39040578,2019-10-02,39040.578
60077,10:52:00.741000,BUY,10.1,800,39120741,2019-10-02,39120.741
60081,10:52:00.741000,BUY,10.1,100,39120741,2019-10-02,39120.741
60083,10:52:00.741000,BUY,10.1,100,39120741,2019-10-02,39120.741
60085,10:52:00.741000,BUY,10.1,100,39120741,2019-10-02,39120.741
60087,10:52:00.741000,BUY,10.1,100,39120741,2019-10-02,39120.741
60089,10:52:00.741000,BUY,10.1,100,39120741,2019-10-02,39120.741
60091,10:52:00.741000,BUY,10.1,100,39120741,2019-10-02,39120.741
60093,10:52:00.741000,BUY,10.1,1,39120741,2019-10-02,39120.741
60095,10:52:00.741000,BUY,10.1,100,39120741,2019-10-02,39120.741
60097,10:52:00.741000,BUY,10.1,600,39120741,2019-10-02,39120.741
60099,10:52:00.741000,BUY,10.1,100,39120741,2019-10-02,39120.741
60101,10:52:00.741000,BUY,10.1,400,39120741,2019-10-02,39120.741
60103,10:52:00.741000,BUY,10.1,300,39120741,2019-10-02,39120.741
60616,10:53:10.554000,SELL,10.1,300,39190554,2019-10-02,39190.554
60645,10:53:11.697000,SELL,10.1,426,39191697,2019-10-02,39191.697
60648,10:53:11.697000,SELL,10.1,74,39191697,2019-10-02,39191.697
60920,10:53:26.019000,BUY,10.1,700,39206019,2019-10-02,39206.019
61045,10:54:02.373000,BUY,10.1,1,39242373,2019-10-02,39242.373
61235,10:54:26.232000,BUY,10.11,200,39266232,2019-10-02,39266.232
61286,10:54:31.182000,BUY,10.11,200,39271182,2019-10-02,39271.182
61291,10:54:31.182000,BUY,10.11,100,39271182,2019-10-02,39271.182
61500,10:54:43.036000,BUY,10.12,200,39283036,2019-10-02,39283.036
61504,10:54:43.036000,BUY,10.12,100,39283036,2019-10-02,39283.036
61506,10:54:43.036000,BUY,10.12,100,39283036,2019-10-02,39283.036
61578,10:54:45.234000,SELL,10.11,101,39285234,2019-10-02,39285.234
61934,10:55:07.643000,SELL,10.12,800,39307643,2019-10-02,39307.643
61936,10:55:07.643000,SELL,10.12,100,39307643,2019-10-02,39307.643
62222,10:55:44.444000,BUY,10.12,1000,39344444,2019-10-02,39344.444
62226,10:55:44.444000,BUY,10.12,100,39344444,2019-10-02,39344.444
62361,10:55:44.589000,BUY,10.13,500,39344589,2019-10-02,39344.589
62392,10:55:44.593000,BUY,10.13,100,39344593,2019-10-02,39344.593
62747,10:56:22.443000,SELL,10.12,700,39382443,2019-10-02,39382.443
62766,10:56:22.443000,SELL,10.12,80,39382443,2019-10-02,39382.443
63113,10:56:42.051000,BUY,10.12,200,39402051,2019-10-02,39402.051
63127,10:56:42.051000,BUY,10.12,1,39402051,2019-10-02,39402.051
63129,10:56:42.051000,BUY,10.12,100,39402051,2019-10-02,39402.051
63131,10:56:42.051000,BUY,10.12,3,39402051,2019-10-02,39402.051
63133,10:56:42.051000,BUY,10.12,200,39402051,2019-10-02,39402.051
63960,10:58:40.421000,BUY,10.12,200,39520421,2019-10-02,39520.421
63515,10:57:28.040000,SELL,10.12,100,39448040,2019-10-02,39448.04
63964,10:58:40.421000,BUY,10.12,800,39520421,2019-10-02,39520.421
63966,10:58:40.421000,BUY,10.12,100,39520421,2019-10-02,39520.421
63968,10:58:40.421000,BUY,10.12,600,39520421,2019-10-02,39520.421
63970,10:58:40.421000,BUY,10.12,100,39520421,2019-10-02,39520.421
63972,10:58:40.421000,BUY,10.12,100,39520421,2019-10-02,39520.421
63974,10:58:40.421000,BUY,10.12,1,39520421,2019-10-02,39520.421
63976,10:58:40.421000,BUY,10.12,100,39520421,2019-10-02,39520.421
64331,10:59:02.399000,SELL,10.12,400,39542399,2019-10-02,39542.399
64662,10:59:35.285000,SELL,10.11,200,39575285,2019-10-02,39575.285
64664,10:59:35.285000,SELL,10.11,600,39575285,2019-10-02,39575.285
64877,10:59:41.644000,BUY,10.11,84,39581644,2019-10-02,39581.644
65294,11:00:33.969000,BUY,10.11,534,39633969,2019-10-02,39633.969
65062,11:00:04.128000,SELL,10.1,75,39604128,2019-10-02,39604.128
65314,11:00:33.969000,BUY,10.11,182,39633969,2019-10-02,39633.969
65316,11:00:33.969000,BUY,10.11,100,39633969,2019-10-02,39633.969
65318,11:00:33.969000,BUY,10.11,100,39633969,2019-10-02,39633.969
65320,11:00:33.969000,BUY,10.11,1,39633969,2019-10-02,39633.969
65410,11:00:33.970000,SELL,10.1,500,39633970,2019-10-02,39633.97
65415,11:00:33.970000,SELL,10.1,200,39633970,2019-10-02,39633.97
65418,11:00:33.970000,SELL,10.1,200,39633970,2019-10-02,39633.97
65421,11:00:33.970000,SELL,10.1,200,39633970,2019-10-02,39633.97
65583,11:00:41.142000,BUY,10.11,2300,39641142,2019-10-02,39641.142
65587,11:00:41.142000,BUY,10.11,400,39641142,2019-10-02,39641.142
65589,11:00:41.142000,BUY,10.11,700,39641142,2019-10-02,39641.142
65591,11:00:41.142000,BUY,10.11,400,39641142,2019-10-02,39641.142
65593,11:00:41.142000,BUY,10.11,30,39641142,2019-10-02,39641.142
65595,11:00:41.142000,BUY,10.11,300,39641142,2019-10-02,39641.142
65597,11:00:41.142000,BUY,10.11,100,39641142,2019-10-02,39641.142
65599,11:00:41.142000,BUY,10.11,100,39641142,2019-10-02,39641.142
65718,11:00:41.150000,SELL,10.11,200,39641150,2019-10-02,39641.15
65722,11:00:41.150000,SELL,10.11,100,39641150,2019-10-02,39641.15
65724,11:00:41.150000,SELL,10.11,1000,39641150,2019-10-02,39641.15
65726,11:00:41.150000,SELL,10.11,200,39641150,2019-10-02,39641.15
65728,11:00:41.150000,SELL,10.11,1600,39641150,2019-10-02,39641.15
65730,11:00:41.150000,SELL,10.11,100,39641150,2019-10-02,39641.15
65732,11:00:41.150000,SELL,10.11,100,39641150,2019-10-02,39641.15
65734,11:00:41.150000,SELL,10.11,100,39641150,2019-10-02,39641.15
65736,11:00:41.150000,SELL,10.11,100,39641150,2019-10-02,39641.15
65738,11:00:41.150000,SELL,10.11,300,39641150,2019-10-02,39641.15
65740,11:00:41.150000,SELL,10.11,600,39641150,2019-10-02,39641.15
65742,11:00:41.150000,SELL,10.11,100,39641150,2019-10-02,39641.15
65744,11:00:41.150000,SELL,10.11,100,39641150,2019-10-02,39641.15
65746,11:00:41.150000,SELL,10.11,100,39641150,2019-10-02,39641.15
65748,11:00:41.150000,SELL,10.11,700,39641150,2019-10-02,39641.15
65750,11:00:41.150000,SELL,10.11,150,39641150,2019-10-02,39641.15
65752,11:00:41.150000,SELL,10.11,100,39641150,2019-10-02,39641.15
65754,11:00:41.150000,SELL,10.11,300,39641150,2019-10-02,39641.15
65756,11:00:41.150000,SELL,10.11,100,39641150,2019-10-02,39641.15
65758,11:00:41.150000,SELL,10.11,300,39641150,2019-10-02,39641.15
65885,11:00:42.843000,BUY,10.11,3500,39642843,2019-10-02,39642.843
65992,11:00:48.302000,SELL,10.1,300,39648302,2019-10-02,39648.302
66332,11:01:26.305000,SELL,10.1,100,39686305,2019-10-02,39686.305
66334,11:01:26.305000,SELL,10.1,100,39686305,2019-10-02,39686.305
66382,11:01:26.307000,BUY,10.11,300,39686307,2019-10-02,39686.307
66404,11:01:26.310000,BUY,10.11,400,39686310,2019-10-02,39686.31
66628,11:01:59.133000,BUY,10.11,500,39719133,2019-10-02,39719.133
66630,11:01:59.133000,BUY,10.11,300,39719133,2019-10-02,39719.133
66632,11:01:59.133000,BUY,10.11,500,39719133,2019-10-02,39719.133
66634,11:01:59.133000,BUY,10.11,100,39719133,2019-10-02,39719.133
66636,11:01:59.133000,BUY,10.11,1,39719133,2019-10-02,39719.133
66638,11:01:59.133000,BUY,10.11,699,39719133,2019-10-02,39719.133
66640,11:01:59.133000,BUY,10.11,1,39719133,2019-10-02,39719.133
66683,11:01:59.133000,BUY,10.11,100,39719133,2019-10-02,39719.133
66685,11:01:59.133000,BUY,10.11,2000,39719133,2019-10-02,39719.133
66687,11:01:59.133000,BUY,10.11,400,39719133,2019-10-02,39719.133
66691,11:01:59.133000,SELL,10.1,200,39719133,2019-10-02,39719.133
66693,11:01:59.133000,SELL,10.1,100,39719133,2019-10-02,39719.133
66695,11:01:59.133000,SELL,10.1,100,39719133,2019-10-02,39719.133
66722,11:01:59.134000,BUY,10.11,200,39719134,2019-10-02,39719.134
66737,11:01:59.134000,BUY,10.11,400,39719134,2019-10-02,39719.134
66739,11:01:59.134000,BUY,10.11,100,39719134,2019-10-02,39719.134
66749,11:01:59.134000,BUY,10.11,100,39719134,2019-10-02,39719.134
66752,11:01:59.134000,BUY,10.11,100,39719134,2019-10-02,39719.134
66781,11:01:59.136000,BUY,10.11,36,39719136,2019-10-02,39719.136
66793,11:01:59.136000,SELL,10.1,200,39719136,2019-10-02,39719.136
66795,11:01:59.136000,BUY,10.11,14,39719136,2019-10-02,39719.136
66858,11:02:04.454000,BUY,10.11,150,39724454,2019-10-02,39724.454
66802,11:01:59.140000,SELL,10.1,700,39719140,2019-10-02,39719.14
66862,11:02:04.454000,BUY,10.11,100,39724454,2019-10-02,39724.454
66864,11:02:04.454000,BUY,10.11,100,39724454,2019-10-02,39724.454
66866,11:02:04.454000,BUY,10.11,100,39724454,2019-10-02,39724.454
66868,11:02:04.454000,BUY,10.11,100,39724454,2019-10-02,39724.454
66870,11:02:04.454000,BUY,10.11,459,39724454,2019-10-02,39724.454
67024,11:02:04.505000,SELL,10.11,300,39724505,2019-10-02,39724.505
67028,11:02:04.505000,SELL,10.11,100,39724505,2019-10-02,39724.505
67030,11:02:04.505000,SELL,10.11,100,39724505,2019-10-02,39724.505
67032,11:02:04.505000,SELL,10.11,100,39724505,2019-10-02,39724.505
67034,11:02:04.505000,SELL,10.11,100,39724505,2019-10-02,39724.505
67036,11:02:04.505000,SELL,10.11,100,39724505,2019-10-02,39724.505
67038,11:02:04.505000,SELL,10.11,100,39724505,2019-10-02,39724.505
67040,11:02:04.505000,SELL,10.11,100,39724505,2019-10-02,39724.505
67042,11:02:04.505000,SELL,10.11,600,39724505,2019-10-02,39724.505
67044,11:02:04.505000,SELL,10.11,100,39724505,2019-10-02,39724.505
67046,11:02:04.505000,SELL,10.11,100,39724505,2019-10-02,39724.505
67048,11:02:04.505000,SELL,10.11,100,39724505,2019-10-02,39724.505
67050,11:02:04.505000,SELL,10.11,900,39724505,2019-10-02,39724.505
67052,11:02:04.505000,SELL,10.11,100,39724505,2019-10-02,39724.505
67054,11:02:04.505000,SELL,10.11,300,39724505,2019-10-02,39724.505
67056,11:02:04.505000,SELL,10.11,300,39724505,2019-10-02,39724.505
67058,11:02:04.505000,SELL,10.11,989,39724505,2019-10-02,39724.505
67060,11:02:04.505000,SELL,10.11,437,39724505,2019-10-02,39724.505
67349,11:02:32.991000,SELL,10.1,200,39752991,2019-10-02,39752.991
67353,11:02:32.991000,SELL,10.1,100,39752991,2019-10-02,39752.991
67355,11:02:32.991000,SELL,10.1,100,39752991,2019-10-02,39752.991
67357,11:02:32.991000,SELL,10.1,400,39752991,2019-10-02,39752.991
67365,11:02:32.991000,SELL,10.1,83,39752991,2019-10-02,39752.991
67368,11:02:32.991000,SELL,10.1,17,39752991,2019-10-02,39752.991
67881,11:03:57.341000,SELL,10.1,200,39837341,2019-10-02,39837.341
67885,11:03:57.341000,SELL,10.1,100,39837341,2019-10-02,39837.341
67887,11:03:57.341000,SELL,10.1,100,39837341,2019-10-02,39837.341
67889,11:03:57.341000,SELL,10.1,100,39837341,2019-10-02,39837.341
68059,11:03:59.868000,BUY,10.1,1000,39839868,2019-10-02,39839.868
68063,11:03:59.868000,BUY,10.1,200,39839868,2019-10-02,39839.868
68065,11:03:59.868000,BUY,10.1,24,39839868,2019-10-02,39839.868
68067,11:03:59.868000,BUY,10.1,900,39839868,2019-10-02,39839.868
68069,11:03:59.868000,BUY,10.1,1,39839868,2019-10-02,39839.868
68071,11:03:59.868000,BUY,10.1,400,39839868,2019-10-02,39839.868
68202,11:04:01.259000,BUY,10.11,200,39841259,2019-10-02,39841.259
68206,11:04:01.259000,BUY,10.11,100,39841259,2019-10-02,39841.259
68208,11:04:01.259000,BUY,10.11,900,39841259,2019-10-02,39841.259
68210,11:04:01.259000,BUY,10.11,100,39841259,2019-10-02,39841.259
68212,11:04:01.259000,BUY,10.11,500,39841259,2019-10-02,39841.259
68214,11:04:01.259000,BUY,10.11,200,39841259,2019-10-02,39841.259
68560,11:04:50.831000,SELL,10.1,1100,39890831,2019-10-02,39890.831
68564,11:04:50.831000,SELL,10.1,300,39890831,2019-10-02,39890.831
68566,11:04:50.831000,SELL,10.1,800,39890831,2019-10-02,39890.831
68568,11:04:50.831000,SELL,10.1,96,39890831,2019-10-02,39890.831
68570,11:04:50.831000,SELL,10.09,100,39890831,2019-10-02,39890.831
68572,11:04:50.831000,SELL,10.09,100,39890831,2019-10-02,39890.831
68574,11:04:50.831000,SELL,10.09,400,39890831,2019-10-02,39890.831
68576,11:04:50.831000,SELL,10.09,800,39890831,2019-10-02,39890.831
68578,11:04:50.831000,SELL,10.09,200,39890831,2019-10-02,39890.831
68580,11:04:50.831000,SELL,10.09,100,39890831,2019-10-02,39890.831
68582,11:04:50.831000,SELL,10.09,100,39890831,2019-10-02,39890.831
68584,11:04:50.831000,SELL,10.09,600,39890831,2019-10-02,39890.831
68586,11:04:50.831000,SELL,10.09,100,39890831,2019-10-02,39890.831
68588,11:04:50.831000,SELL,10.09,100,39890831,2019-10-02,39890.831
68590,11:04:50.831000,SELL,10.09,100,39890831,2019-10-02,39890.831
68592,11:04:50.831000,SELL,10.09,400,39890831,2019-10-02,39890.831
68594,11:04:50.831000,SELL,10.09,100,39890831,2019-10-02,39890.831
68596,11:04:50.831000,SELL,10.09,100,39890831,2019-10-02,39890.831
68598,11:04:50.831000,SELL,10.09,100,39890831,2019-10-02,39890.831
69021,11:05:20.622000,SELL,10.08,600,39920622,2019-10-02,39920.622
69032,11:05:20.622000,SELL,10.08,77,39920622,2019-10-02,39920.622
69089,11:05:28.124000,SELL,10.08,100,39928124,2019-10-02,39928.124
69100,11:05:28.124000,SELL,10.08,223,39928124,2019-10-02,39928.124
69102,11:05:28.124000,SELL,10.08,177,39928124,2019-10-02,39928.124
69109,11:05:28.124000,SELL,10.08,100,39928124,2019-10-02,39928.124
69116,11:05:28.124000,SELL,10.08,100,39928124,2019-10-02,39928.124
69305,11:05:40.990000,BUY,10.08,100,39940990,2019-10-02,39940.99
69125,11:05:28.125000,SELL,10.08,23,39928125,2019-10-02,39928.125
69309,11:05:40.990000,BUY,10.08,100,39940990,2019-10-02,39940.99
69311,11:05:40.990000,BUY,10.08,100,39940990,2019-10-02,39940.99
69313,11:05:40.990000,BUY,10.08,456,39940990,2019-10-02,39940.99
69343,11:05:40.991000,BUY,10.08,320,39940991,2019-10-02,39940.991
69347,11:05:40.991000,BUY,10.08,1,39940991,2019-10-02,39940.991
69349,11:05:40.991000,BUY,10.08,100,39940991,2019-10-02,39940.991
69985,11:07:02.268000,SELL,10.08,55,40022268,2019-10-02,40022.268
70391,11:08:45.001000,SELL,10.08,219,40125001,2019-10-02,40125.001
70404,11:08:45.002000,SELL,10.08,83,40125002,2019-10-02,40125.002
70408,11:08:45.002000,SELL,10.08,32,40125002,2019-10-02,40125.002
70441,11:08:45.012000,SELL,10.08,170,40125012,2019-10-02,40125.012
70914,11:10:19.071000,SELL,10.07,249,40219071,2019-10-02,40219.071
70918,11:10:19.071000,SELL,10.07,100,40219071,2019-10-02,40219.071
71160,11:10:34.873000,BUY,10.07,300,40234873,2019-10-02,40234.873
71164,11:10:34.873000,BUY,10.07,600,40234873,2019-10-02,40234.873
71166,11:10:34.873000,BUY,10.07,200,40234873,2019-10-02,40234.873
71168,11:10:34.873000,BUY,10.07,200,40234873,2019-10-02,40234.873
71170,11:10:34.873000,BUY,10.07,100,40234873,2019-10-02,40234.873
71172,11:10:34.873000,BUY,10.07,1,40234873,2019-10-02,40234.873
71174,11:10:34.873000,BUY,10.07,400,40234873,2019-10-02,40234.873
71176,11:10:34.873000,BUY,10.07,100,40234873,2019-10-02,40234.873
71399,11:10:52.768000,SELL,10.07,600,40252768,2019-10-02,40252.768
71721,11:10:59.187000,SELL,10.06,701,40259187,2019-10-02,40259.187
71723,11:10:59.187000,SELL,10.06,99,40259187,2019-10-02,40259.187
71959,11:11:04.992000,BUY,10.06,600,40264992,2019-10-02,40264.992
71963,11:11:04.992000,BUY,10.06,100,40264992,2019-10-02,40264.992
71965,11:11:04.992000,BUY,10.06,100,40264992,2019-10-02,40264.992
71967,11:11:04.992000,BUY,10.06,100,40264992,2019-10-02,40264.992
71969,11:11:04.992000,BUY,10.06,1,40264992,2019-10-02,40264.992
71971,11:11:04.992000,BUY,10.06,300,40264992,2019-10-02,40264.992
71973,11:11:04.992000,BUY,10.06,100,40264992,2019-10-02,40264.992
72263,11:11:24.905000,SELL,10.06,4,40284905,2019-10-02,40284.905
72320,11:11:25.953000,SELL,10.06,2,40285953,2019-10-02,40285.953
72337,11:11:25.985000,SELL,10.06,4,40285985,2019-10-02,40285.985
72377,11:11:26.064000,SELL,10.06,2,40286064,2019-10-02,40286.064
72406,11:11:34.564000,SELL,10.06,2,40294564,2019-10-02,40294.564
72424,11:11:34.572000,SELL,10.06,2,40294572,2019-10-02,40294.572
72460,11:11:34.580000,SELL,10.06,2,40294580,2019-10-02,40294.58
72473,11:11:34.652000,SELL,10.06,2,40294652,2019-10-02,40294.652
72490,11:11:34.693000,SELL,10.06,2,40294693,2019-10-02,40294.693
72506,11:11:34.873000,SELL,10.06,2,40294873,2019-10-02,40294.873
72898,11:12:38.962000,SELL,10.06,2,40358962,2019-10-02,40358.962
72921,11:12:39.045000,SELL,10.06,2,40359045,2019-10-02,40359.045
73176,11:12:58.308000,SELL,10.05,200,40378308,2019-10-02,40378.308
73180,11:12:58.308000,SELL,10.05,100,40378308,2019-10-02,40378.308
73182,11:12:58.308000,SELL,10.05,100,40378308,2019-10-02,40378.308
73184,11:12:58.308000,SELL,10.05,100,40378308,2019-10-02,40378.308
73186,11:12:58.308000,SELL,10.05,300,40378308,2019-10-02,40378.308
73189,11:12:58.308000,SELL,10.05,600,40378308,2019-10-02,40378.308
73191,11:12:58.308000,SELL,10.05,300,40378308,2019-10-02,40378.308
73193,11:12:58.308000,SELL,10.05,400,40378308,2019-10-02,40378.308
73433,11:13:07.472000,BUY,10.05,200,40387472,2019-10-02,40387.472
73437,11:13:07.472000,BUY,10.05,800,40387472,2019-10-02,40387.472
73439,11:13:07.472000,BUY,10.05,600,40387472,2019-10-02,40387.472
73441,11:13:07.472000,BUY,10.05,100,40387472,2019-10-02,40387.472
73989,11:14:09.306000,SELL,10.05,500,40449306,2019-10-02,40449.306
73993,11:14:09.306000,SELL,10.05,100,40449306,2019-10-02,40449.306
74409,11:15:11.396000,SELL,10.04,500,40511396,2019-10-02,40511.396
74413,11:15:11.396000,SELL,10.04,100,40511396,2019-10-02,40511.396
74415,11:15:11.396000,SELL,10.04,100,40511396,2019-10-02,40511.396
74760,11:15:47.817000,BUY,10.04,352,40547817,2019-10-02,40547.817
74768,11:15:47.817000,BUY,10.04,348,40547817,2019-10-02,40547.817
74770,11:15:47.817000,BUY,10.04,900,40547817,2019-10-02,40547.817
74772,11:15:47.817000,BUY,10.04,100,40547817,2019-10-02,40547.817
74774,11:15:47.817000,BUY,10.04,600,40547817,2019-10-02,40547.817
74776,11:15:47.817000,BUY,10.04,1,40547817,2019-10-02,40547.817
75201,11:16:42.966000,BUY,10.05,200,40602966,2019-10-02,40602.966
75205,11:16:42.966000,BUY,10.05,200,40602966,2019-10-02,40602.966
75207,11:16:42.966000,BUY,10.05,1,40602966,2019-10-02,40602.966
75216,11:16:42.966000,BUY,10.05,99,40602966,2019-10-02,40602.966
75218,11:16:42.966000,BUY,10.05,1,40602966,2019-10-02,40602.966
75472,11:17:04.275000,BUY,10.06,200,40624275,2019-10-02,40624.275
75476,11:17:04.275000,BUY,10.06,100,40624275,2019-10-02,40624.275
75478,11:17:04.275000,BUY,10.06,100,40624275,2019-10-02,40624.275
75480,11:17:04.275000,BUY,10.06,100,40624275,2019-10-02,40624.275
75482,11:17:04.275000,BUY,10.06,100,40624275,2019-10-02,40624.275
75484,11:17:04.275000,BUY,10.06,400,40624275,2019-10-02,40624.275
75486,11:17:04.275000,BUY,10.06,200,40624275,2019-10-02,40624.275
75488,11:17:04.275000,BUY,10.06,100,40624275,2019-10-02,40624.275
75490,11:17:04.275000,BUY,10.06,200,40624275,2019-10-02,40624.275
75492,11:17:04.275000,BUY,10.06,300,40624275,2019-10-02,40624.275
75494,11:17:04.275000,BUY,10.06,100,40624275,2019-10-02,40624.275
75496,11:17:04.275000,BUY,10.06,200,40624275,2019-10-02,40624.275
75498,11:17:04.275000,BUY,10.06,100,40624275,2019-10-02,40624.275
75573,11:17:07.898000,BUY,10.06,151,40627898,2019-10-02,40627.898
75577,11:17:07.898000,BUY,10.06,100,40627898,2019-10-02,40627.898
75579,11:17:07.898000,BUY,10.06,100,40627898,2019-10-02,40627.898
75581,11:17:07.898000,BUY,10.06,800,40627898,2019-10-02,40627.898
75583,11:17:07.898000,BUY,10.06,400,40627898,2019-10-02,40627.898
75585,11:17:07.898000,BUY,10.06,549,40627898,2019-10-02,40627.898
75664,11:17:09.521000,BUY,10.06,551,40629521,2019-10-02,40629.521
75668,11:17:09.521000,BUY,10.06,100,40629521,2019-10-02,40629.521
75670,11:17:09.521000,BUY,10.06,100,40629521,2019-10-02,40629.521
75672,11:17:09.521000,BUY,10.06,100,40629521,2019-10-02,40629.521
75674,11:17:09.521000,BUY,10.06,100,40629521,2019-10-02,40629.521
75676,11:17:09.521000,BUY,10.06,100,40629521,2019-10-02,40629.521
75678,11:17:09.521000,BUY,10.06,349,40629521,2019-10-02,40629.521
75761,11:17:09.782000,SELL,10.05,500,40629782,2019-10-02,40629.782
75788,11:17:10.397000,BUY,10.06,200,40630397,2019-10-02,40630.397
75792,11:17:10.397000,BUY,10.06,100,40630397,2019-10-02,40630.397
75794,11:17:10.397000,BUY,10.06,100,40630397,2019-10-02,40630.397
75796,11:17:10.397000,BUY,10.06,100,40630397,2019-10-02,40630.397
75798,11:17:10.397000,BUY,10.06,100,40630397,2019-10-02,40630.397
75800,11:17:10.397000,BUY,10.06,300,40630397,2019-10-02,40630.397
75802,11:17:10.397000,BUY,10.06,200,40630397,2019-10-02,40630.397
75804,11:17:10.397000,BUY,10.06,400,40630397,2019-10-02,40630.397
75806,11:17:10.397000,BUY,10.06,400,40630397,2019-10-02,40630.397
75867,11:17:10.709000,BUY,10.06,434,40630709,2019-10-02,40630.709
75991,11:17:10.739000,SELL,10.06,800,40630739,2019-10-02,40630.739
75995,11:17:10.739000,SELL,10.06,100,40630739,2019-10-02,40630.739
75997,11:17:10.739000,SELL,10.06,100,40630739,2019-10-02,40630.739
75999,11:17:10.739000,SELL,10.06,100,40630739,2019-10-02,40630.739
76001,11:17:10.739000,SELL,10.06,100,40630739,2019-10-02,40630.739
76003,11:17:10.739000,SELL,10.06,100,40630739,2019-10-02,40630.739
76005,11:17:10.739000,SELL,10.06,600,40630739,2019-10-02,40630.739
76007,11:17:10.739000,SELL,10.06,100,40630739,2019-10-02,40630.739
76009,11:17:10.739000,SELL,10.06,935,40630739,2019-10-02,40630.739
76013,11:17:10.739000,SELL,10.06,59,40630739,2019-10-02,40630.739
76015,11:17:10.739000,SELL,10.06,500,40630739,2019-10-02,40630.739
76232,11:17:21.587000,SELL,10.05,2,40641587,2019-10-02,40641.587
76250,11:17:21.587000,SELL,10.05,1,40641587,2019-10-02,40641.587
76294,11:17:22.377000,SELL,10.05,2,40642377,2019-10-02,40642.377
76366,11:17:27.843000,SELL,10.05,198,40647843,2019-10-02,40647.843
76370,11:17:27.843000,SELL,10.05,800,40647843,2019-10-02,40647.843
76372,11:17:27.843000,SELL,10.05,102,40647843,2019-10-02,40647.843
76720,11:18:01.082000,SELL,10.04,41,40681082,2019-10-02,40681.082
76819,11:18:06.331000,SELL,10.04,200,40686331,2019-10-02,40686.331
76823,11:18:06.331000,SELL,10.04,100,40686331,2019-10-02,40686.331
76825,11:18:06.331000,SELL,10.04,400,40686331,2019-10-02,40686.331
77313,11:19:10.962000,SELL,10.03,200,40750962,2019-10-02,40750.962
77317,11:19:10.962000,SELL,10.03,100,40750962,2019-10-02,40750.962
77413,11:19:13.178000,BUY,10.04,300,40753178,2019-10-02,40753.178
77468,11:19:42.113000,BUY,10.04,200,40782113,2019-10-02,40782.113
77470,11:19:42.113000,BUY,10.04,1000,40782113,2019-10-02,40782.113
77472,11:19:42.113000,BUY,10.04,800,40782113,2019-10-02,40782.113
77474,11:19:42.113000,BUY,10.04,100,40782113,2019-10-02,40782.113
77476,11:19:42.113000,BUY,10.04,1,40782113,2019-10-02,40782.113
77478,11:19:42.113000,BUY,10.04,100,40782113,2019-10-02,40782.113
77480,11:19:42.113000,BUY,10.04,100,40782113,2019-10-02,40782.113
77591,11:19:42.113000,BUY,10.05,100,40782113,2019-10-02,40782.113
77593,11:19:42.113000,SELL,10.04,100,40782113,2019-10-02,40782.113
77748,11:19:47.713000,BUY,10.05,100,40787713,2019-10-02,40787.713
77757,11:19:47.713000,BUY,10.05,23,40787713,2019-10-02,40787.713
77769,11:19:47.713000,BUY,10.05,77,40787713,2019-10-02,40787.713
77771,11:19:47.713000,BUY,10.05,100,40787713,2019-10-02,40787.713
77773,11:19:47.713000,BUY,10.05,87,40787713,2019-10-02,40787.713
77780,11:19:47.713000,BUY,10.05,13,40787713,2019-10-02,40787.713
77957,11:19:50.288000,BUY,10.06,800,40790288,2019-10-02,40790.288
77961,11:19:50.288000,BUY,10.06,100,40790288,2019-10-02,40790.288
77963,11:19:50.288000,BUY,10.06,2000,40790288,2019-10-02,40790.288
77965,11:19:50.288000,BUY,10.06,100,40790288,2019-10-02,40790.288
77967,11:19:50.288000,BUY,10.06,200,40790288,2019-10-02,40790.288
77969,11:19:50.288000,BUY,10.06,100,40790288,2019-10-02,40790.288
77971,11:19:50.288000,BUY,10.07,100,40790288,2019-10-02,40790.288
78246,11:20:01.091000,BUY,10.07,200,40801091,2019-10-02,40801.091
78250,11:20:01.091000,BUY,10.07,200,40801091,2019-10-02,40801.091
78252,11:20:01.091000,BUY,10.07,100,40801091,2019-10-02,40801.091
78254,11:20:01.091000,BUY,10.07,498,40801091,2019-10-02,40801.091
78266,11:20:01.091000,BUY,10.07,102,40801091,2019-10-02,40801.091
78617,11:20:26.350000,BUY,10.08,100,40826350,2019-10-02,40826.35
78547,11:20:21.156000,SELL,10.07,5,40821156,2019-10-02,40821.156
79128,11:20:52.044000,SELL,10.06,198,40852044,2019-10-02,40852.044
79132,11:20:52.044000,SELL,10.06,100,40852044,2019-10-02,40852.044
79134,11:20:52.044000,SELL,10.06,100,40852044,2019-10-02,40852.044
79136,11:20:52.044000,SELL,10.06,100,40852044,2019-10-02,40852.044
79138,11:20:52.044000,SELL,10.06,720,40852044,2019-10-02,40852.044
79140,11:20:52.044000,SELL,10.06,482,40852044,2019-10-02,40852.044
79609,11:21:44.338000,SELL,10.05,100,40904338,2019-10-02,40904.338
79623,11:21:44.338000,SELL,10.05,5,40904338,2019-10-02,40904.338
79641,11:21:44.339000,SELL,10.05,195,40904339,2019-10-02,40904.339
79645,11:21:44.339000,SELL,10.05,5,40904339,2019-10-02,40904.339
79656,11:21:44.339000,SELL,10.05,95,40904339,2019-10-02,40904.339
80255,11:23:01.072000,BUY,10.05,129,40981072,2019-10-02,40981.072
80262,11:23:01.072000,BUY,10.05,71,40981072,2019-10-02,40981.072
80264,11:23:01.072000,BUY,10.05,21,40981072,2019-10-02,40981.072
80268,11:23:01.072000,BUY,10.05,7,40981072,2019-10-02,40981.072
80270,11:23:01.072000,BUY,10.05,1,40981072,2019-10-02,40981.072
80272,11:23:01.072000,BUY,10.05,100,40981072,2019-10-02,40981.072
80632,11:23:32.043000,BUY,10.06,200,41012043,2019-10-02,41012.043
80642,11:23:32.043000,BUY,10.06,1,41012043,2019-10-02,41012.043
81252,11:25:05.120000,BUY,10.07,200,41105120,2019-10-02,41105.12
81256,11:25:05.120000,BUY,10.07,100,41105120,2019-10-02,41105.12
81258,11:25:05.120000,BUY,10.07,1,41105120,2019-10-02,41105.12
81260,11:25:05.120000,BUY,10.07,98,41105120,2019-10-02,41105.12
81401,11:25:06.199000,BUY,10.07,197,41106199,2019-10-02,41106.199
81323,11:25:05.256000,SELL,10.06,300,41105256,2019-10-02,41105.256
82256,11:26:59.196000,SELL,10.06,200,41219196,2019-10-02,41219.196
82260,11:26:59.196000,SELL,10.06,100,41219196,2019-10-02,41219.196
82488,11:27:11.781000,SELL,10.05,200,41231781,2019-10-02,41231.781
82785,11:27:43.050000,BUY,10.06,200,41263050,2019-10-02,41263.05
82789,11:27:43.050000,BUY,10.06,100,41263050,2019-10-02,41263.05
82791,11:27:43.050000,BUY,10.06,100,41263050,2019-10-02,41263.05
82793,11:27:43.050000,BUY,10.06,1,41263050,2019-10-02,41263.05
82795,11:27:43.050000,BUY,10.06,100,41263050,2019-10-02,41263.05
82797,11:27:43.050000,BUY,10.06,1,41263050,2019-10-02,41263.05
82799,11:27:43.050000,BUY,10.06,100,41263050,2019-10-02,41263.05
82828,11:27:43.050000,BUY,10.06,100,41263050,2019-10-02,41263.05
82847,11:27:43.051000,BUY,10.06,100,41263051,2019-10-02,41263.051
82965,11:27:44.347000,SELL,10.06,900,41264347,2019-10-02,41264.347
82969,11:27:44.347000,SELL,10.06,100,41264347,2019-10-02,41264.347
82971,11:27:44.347000,SELL,10.06,100,41264347,2019-10-02,41264.347
82973,11:27:44.347000,SELL,10.06,100,41264347,2019-10-02,41264.347
82975,11:27:44.347000,SELL,10.06,100,41264347,2019-10-02,41264.347
82977,11:27:44.347000,SELL,10.06,100,41264347,2019-10-02,41264.347
82979,11:27:44.347000,SELL,10.06,309,41264347,2019-10-02,41264.347
83616,11:29:49.153000,SELL,10.06,200,41389153,2019-10-02,41389.153
83620,11:29:49.153000,SELL,10.06,100,41389153,2019-10-02,41389.153
83622,11:29:49.153000,SELL,10.06,100,41389153,2019-10-02,41389.153
83624,11:29:49.153000,SELL,10.06,100,41389153,2019-10-02,41389.153
83626,11:29:49.153000,SELL,10.06,100,41389153,2019-10-02,41389.153
83628,11:29:49.153000,SELL,10.06,100,41389153,2019-10-02,41389.153
83630,11:29:49.153000,SELL,10.06,67,41389153,2019-10-02,41389.153
83992,11:30:31.653000,SELL,10.06,200,41431653,2019-10-02,41431.653
84491,11:31:01.378000,SELL,10.04,700,41461378,2019-10-02,41461.378
84729,11:31:05.222000,BUY,10.04,100,41465222,2019-10-02,41465.222
84737,11:31:05.222000,BUY,10.04,55,41465222,2019-10-02,41465.222
84743,11:31:05.222000,BUY,10.04,45,41465222,2019-10-02,41465.222
84745,11:31:05.222000,BUY,10.04,147,41465222,2019-10-02,41465.222
84763,11:31:05.222000,BUY,10.04,545,41465222,2019-10-02,41465.222
84781,11:31:05.222000,BUY,10.04,8,41465222,2019-10-02,41465.222
84783,11:31:05.222000,BUY,10.04,1,41465222,2019-10-02,41465.222
84785,11:31:05.222000,BUY,10.04,200,41465222,2019-10-02,41465.222
84787,11:31:05.222000,BUY,10.04,100,41465222,2019-10-02,41465.222
84825,11:31:05.223000,BUY,10.04,100,41465223,2019-10-02,41465.223
85140,11:31:27.467000,SELL,10.04,100,41487467,2019-10-02,41487.467
85144,11:31:27.467000,SELL,10.04,100,41487467,2019-10-02,41487.467
85146,11:31:27.467000,SELL,10.04,100,41487467,2019-10-02,41487.467
85148,11:31:27.467000,SELL,10.04,100,41487467,2019-10-02,41487.467
85150,11:31:27.467000,SELL,10.04,100,41487467,2019-10-02,41487.467
85569,11:32:24.270000,BUY,10.04,101,41544270,2019-10-02,41544.27
85573,11:32:24.270000,BUY,10.04,59,41544270,2019-10-02,41544.27
85575,11:32:24.270000,BUY,10.04,100,41544270,2019-10-02,41544.27
86252,11:34:25.940000,SELL,10.04,200,41665940,2019-10-02,41665.94
86256,11:34:25.940000,SELL,10.04,100,41665940,2019-10-02,41665.94
86258,11:34:25.940000,SELL,10.04,100,41665940,2019-10-02,41665.94
86260,11:34:25.940000,SELL,10.04,100,41665940,2019-10-02,41665.94
86262,11:34:25.940000,SELL,10.04,100,41665940,2019-10-02,41665.94
86264,11:34:25.940000,SELL,10.04,100,41665940,2019-10-02,41665.94
86266,11:34:25.940000,SELL,10.04,100,41665940,2019-10-02,41665.94
86268,11:34:25.940000,SELL,10.04,100,41665940,2019-10-02,41665.94
86270,11:34:25.940000,SELL,10.04,100,41665940,2019-10-02,41665.94
86272,11:34:25.940000,SELL,10.04,200,41665940,2019-10-02,41665.94
86274,11:34:25.940000,SELL,10.04,200,41665940,2019-10-02,41665.94
86902,11:35:50.683000,SELL,10.03,200,41750683,2019-10-02,41750.683
86906,11:35:50.683000,SELL,10.03,100,41750683,2019-10-02,41750.683
86908,11:35:50.683000,SELL,10.03,5,41750683,2019-10-02,41750.683
87184,11:36:00.729000,SELL,10.02,300,41760729,2019-10-02,41760.729
87364,11:36:11.482000,BUY,10.02,300,41771482,2019-10-02,41771.482
87373,11:36:11.482000,BUY,10.02,117,41771482,2019-10-02,41771.482
87395,11:36:11.483000,BUY,10.02,354,41771483,2019-10-02,41771.483
87399,11:36:11.483000,BUY,10.02,100,41771483,2019-10-02,41771.483
87401,11:36:11.483000,BUY,10.02,100,41771483,2019-10-02,41771.483
87403,11:36:11.483000,BUY,10.02,100,41771483,2019-10-02,41771.483
88331,11:39:59.118000,BUY,10.03,200,41999118,2019-10-02,41999.118
88335,11:39:59.118000,BUY,10.03,100,41999118,2019-10-02,41999.118
88337,11:39:59.118000,BUY,10.03,100,41999118,2019-10-02,41999.118
88339,11:39:59.118000,BUY,10.03,100,41999118,2019-10-02,41999.118
88341,11:39:59.118000,BUY,10.03,100,41999118,2019-10-02,41999.118
88343,11:39:59.118000,BUY,10.03,100,41999118,2019-10-02,41999.118
88345,11:39:59.118000,BUY,10.03,100,41999118,2019-10-02,41999.118
88347,11:39:59.118000,BUY,10.03,100,41999118,2019-10-02,41999.118
88349,11:39:59.118000,BUY,10.03,600,41999118,2019-10-02,41999.118
88351,11:39:59.118000,BUY,10.03,100,41999118,2019-10-02,41999.118
88353,11:39:59.118000,BUY,10.03,200,41999118,2019-10-02,41999.118
88355,11:39:59.118000,BUY,10.03,1,41999118,2019-10-02,41999.118
88493,11:39:59.119000,BUY,10.04,200,41999119,2019-10-02,41999.119
88497,11:39:59.119000,BUY,10.04,100,41999119,2019-10-02,41999.119
88499,11:39:59.119000,BUY,10.04,100,41999119,2019-10-02,41999.119
88501,11:39:59.119000,BUY,10.04,100,41999119,2019-10-02,41999.119
88503,11:39:59.119000,BUY,10.04,900,41999119,2019-10-02,41999.119
88505,11:39:59.119000,BUY,10.04,300,41999119,2019-10-02,41999.119
88507,11:39:59.119000,BUY,10.04,100,41999119,2019-10-02,41999.119
88509,11:39:59.119000,BUY,10.04,200,41999119,2019-10-02,41999.119
88511,11:39:59.119000,BUY,10.04,100,41999119,2019-10-02,41999.119
88513,11:39:59.119000,BUY,10.04,300,41999119,2019-10-02,41999.119
88515,11:39:59.119000,BUY,10.04,200,41999119,2019-10-02,41999.119
88517,11:39:59.119000,BUY,10.04,100,41999119,2019-10-02,41999.119
88519,11:39:59.119000,BUY,10.04,100,41999119,2019-10-02,41999.119
88521,11:39:59.119000,BUY,10.04,100,41999119,2019-10-02,41999.119
88523,11:39:59.119000,BUY,10.04,100,41999119,2019-10-02,41999.119
88560,11:39:59.120000,BUY,10.04,200,41999120,2019-10-02,41999.12
88564,11:39:59.120000,BUY,10.04,100,41999120,2019-10-02,41999.12
88691,11:39:59.943000,SELL,10.04,200,41999943,2019-10-02,41999.943
88695,11:39:59.943000,SELL,10.04,112,41999943,2019-10-02,41999.943
88697,11:39:59.943000,SELL,10.04,100,41999943,2019-10-02,41999.943
88699,11:39:59.943000,SELL,10.04,100,41999943,2019-10-02,41999.943
88701,11:39:59.943000,SELL,10.04,100,41999943,2019-10-02,41999.943
88703,11:39:59.943000,SELL,10.04,600,41999943,2019-10-02,41999.943
88705,11:39:59.943000,SELL,10.04,300,41999943,2019-10-02,41999.943
88707,11:39:59.943000,SELL,10.04,588,41999943,2019-10-02,41999.943
88720,11:39:59.943000,SELL,10.04,12,41999943,2019-10-02,41999.943
88829,11:39:59.965000,BUY,10.04,200,41999965,2019-10-02,41999.965
88833,11:39:59.965000,BUY,10.04,100,41999965,2019-10-02,41999.965
88835,11:39:59.965000,BUY,10.04,100,41999965,2019-10-02,41999.965
88837,11:39:59.965000,BUY,10.04,100,41999965,2019-10-02,41999.965
88839,11:39:59.965000,BUY,10.04,100,41999965,2019-10-02,41999.965
88879,11:40:00.164000,BUY,10.04,1200,42000164,2019-10-02,42000.164
88883,11:40:00.164000,BUY,10.04,100,42000164,2019-10-02,42000.164
88885,11:40:00.164000,BUY,10.04,400,42000164,2019-10-02,42000.164
88887,11:40:00.164000,BUY,10.05,100,42000164,2019-10-02,42000.164
89107,11:40:08.616000,SELL,10.04,200,42008616,2019-10-02,42008.616
89111,11:40:08.616000,SELL,10.04,900,42008616,2019-10-02,42008.616
89179,11:40:08.627000,SELL,10.04,2,42008627,2019-10-02,42008.627
89192,11:40:08.633000,SELL,10.04,2,42008633,2019-10-02,42008.633
89208,11:40:08.639000,SELL,10.04,2,42008639,2019-10-02,42008.639
89300,11:40:15.748000,BUY,10.05,400,42015748,2019-10-02,42015.748
89322,11:40:18.829000,BUY,10.05,100,42018829,2019-10-02,42018.829
89324,11:40:18.829000,BUY,10.05,100,42018829,2019-10-02,42018.829
89574,11:41:56.830000,BUY,10.05,200,42116830,2019-10-02,42116.83
89578,11:41:56.830000,BUY,10.05,100,42116830,2019-10-02,42116.83
89580,11:41:56.830000,BUY,10.05,1,42116830,2019-10-02,42116.83
90020,11:42:43.454000,SELL,10.05,300,42163454,2019-10-02,42163.454
90024,11:42:43.454000,SELL,10.05,100,42163454,2019-10-02,42163.454
90026,11:42:43.454000,SELL,10.05,100,42163454,2019-10-02,42163.454
90028,11:42:43.454000,SELL,10.05,100,42163454,2019-10-02,42163.454
90030,11:42:43.454000,SELL,10.05,94,42163454,2019-10-02,42163.454
90032,11:42:43.454000,SELL,10.05,300,42163454,2019-10-02,42163.454
90034,11:42:43.454000,SELL,10.05,6,42163454,2019-10-02,42163.454
90037,11:42:43.454000,SELL,10.05,94,42163454,2019-10-02,42163.454
90375,11:43:34.875000,BUY,10.05,148,42214875,2019-10-02,42214.875
90465,11:43:35.608000,BUY,10.05,52,42215608,2019-10-02,42215.608
90467,11:43:35.608000,BUY,10.05,1,42215608,2019-10-02,42215.608
91169,11:45:23.654000,BUY,10.06,200,42323654,2019-10-02,42323.654
91173,11:45:23.654000,BUY,10.06,100,42323654,2019-10-02,42323.654
91175,11:45:23.654000,BUY,10.06,100,42323654,2019-10-02,42323.654
91239,11:45:25.051000,BUY,10.06,100,42325051,2019-10-02,42325.051
91404,11:45:26.769000,SELL,10.06,200,42326769,2019-10-02,42326.769
91408,11:45:26.769000,SELL,10.06,100,42326769,2019-10-02,42326.769
91410,11:45:26.769000,SELL,10.06,600,42326769,2019-10-02,42326.769
91412,11:45:26.769000,SELL,10.06,340,42326769,2019-10-02,42326.769
91855,11:46:51.591000,SELL,10.05,200,42411591,2019-10-02,42411.591
91859,11:46:51.591000,SELL,10.05,100,42411591,2019-10-02,42411.591
92205,11:47:25.767000,SELL,10.04,200,42445767,2019-10-02,42445.767
92209,11:47:25.767000,SELL,10.04,100,42445767,2019-10-02,42445.767
92211,11:47:25.767000,SELL,10.04,100,42445767,2019-10-02,42445.767
92213,11:47:25.767000,SELL,10.04,100,42445767,2019-10-02,42445.767
92215,11:47:25.767000,SELL,10.04,200,42445767,2019-10-02,42445.767
92217,11:47:25.767000,SELL,10.04,400,42445767,2019-10-02,42445.767
92219,11:47:25.767000,SELL,10.04,100,42445767,2019-10-02,42445.767
92221,11:47:25.767000,SELL,10.04,1000,42445767,2019-10-02,42445.767
92223,11:47:25.767000,SELL,10.04,200,42445767,2019-10-02,42445.767
92225,11:47:25.767000,SELL,10.04,100,42445767,2019-10-02,42445.767
92227,11:47:25.767000,SELL,10.04,100,42445767,2019-10-02,42445.767
92229,11:47:25.767000,SELL,10.04,300,42445767,2019-10-02,42445.767
92374,11:47:26.059000,BUY,10.04,200,42446059,2019-10-02,42446.059
92378,11:47:26.059000,BUY,10.04,100,42446059,2019-10-02,42446.059
92393,11:47:26.059000,BUY,10.04,100,42446059,2019-10-02,42446.059
92395,11:47:26.059000,BUY,10.04,100,42446059,2019-10-02,42446.059
92397,11:47:26.059000,BUY,10.04,100,42446059,2019-10-02,42446.059
92399,11:47:26.059000,BUY,10.04,100,42446059,2019-10-02,42446.059
92401,11:47:26.059000,BUY,10.04,5,42446059,2019-10-02,42446.059
92403,11:47:26.059000,BUY,10.04,5,42446059,2019-10-02,42446.059
92405,11:47:26.059000,BUY,10.04,800,42446059,2019-10-02,42446.059
92407,11:47:26.059000,BUY,10.04,1,42446059,2019-10-02,42446.059
92409,11:47:26.059000,BUY,10.04,1,42446059,2019-10-02,42446.059
93284,11:50:13.721000,BUY,10.05,238,42613721,2019-10-02,42613.721
93333,11:50:19.477000,BUY,10.05,200,42619477,2019-10-02,42619.477
93335,11:50:19.477000,BUY,10.05,100,42619477,2019-10-02,42619.477
93337,11:50:19.477000,BUY,10.05,100,42619477,2019-10-02,42619.477
93339,11:50:19.477000,BUY,10.05,1,42619477,2019-10-02,42619.477
93341,11:50:19.477000,BUY,10.05,700,42619477,2019-10-02,42619.477
93629,11:50:29.162000,SELL,10.05,400,42629162,2019-10-02,42629.162
94039,11:51:23.126000,SELL,10.04,200,42683126,2019-10-02,42683.126
94043,11:51:23.126000,SELL,10.04,100,42683126,2019-10-02,42683.126
94700,11:53:24.413000,BUY,10.04,101,42804413,2019-10-02,42804.413
94704,11:53:24.413000,BUY,10.04,1,42804413,2019-10-02,42804.413
94706,11:53:24.413000,BUY,10.04,1,42804413,2019-10-02,42804.413
94963,11:53:39.575000,BUY,10.05,300,42819575,2019-10-02,42819.575
95251,11:54:14.953000,BUY,10.05,200,42854953,2019-10-02,42854.953
95253,11:54:14.953000,BUY,10.05,100,42854953,2019-10-02,42854.953
95255,11:54:14.953000,BUY,10.05,100,42854953,2019-10-02,42854.953
95257,11:54:14.953000,BUY,10.05,100,42854953,2019-10-02,42854.953
95259,11:54:14.953000,BUY,10.05,400,42854953,2019-10-02,42854.953
95297,11:54:15.371000,BUY,10.05,500,42855371,2019-10-02,42855.371
95301,11:54:15.371000,BUY,10.05,100,42855371,2019-10-02,42855.371
95303,11:54:15.371000,BUY,10.05,100,42855371,2019-10-02,42855.371
95305,11:54:15.371000,BUY,10.05,1,42855371,2019-10-02,42855.371
95307,11:54:15.371000,BUY,10.05,100,42855371,2019-10-02,42855.371
95309,11:54:15.371000,BUY,10.05,300,42855371,2019-10-02,42855.371
95311,11:54:15.371000,BUY,10.05,199,42855371,2019-10-02,42855.371
95373,11:54:15.909000,BUY,10.05,200,42855909,2019-10-02,42855.909
95377,11:54:15.909000,BUY,10.05,100,42855909,2019-10-02,42855.909
95582,11:54:26.356000,BUY,10.06,200,42866356,2019-10-02,42866.356
95586,11:54:26.356000,BUY,10.06,100,42866356,2019-10-02,42866.356
95588,11:54:26.356000,BUY,10.06,100,42866356,2019-10-02,42866.356
95590,11:54:26.356000,BUY,10.06,100,42866356,2019-10-02,42866.356
95592,11:54:26.356000,BUY,10.06,100,42866356,2019-10-02,42866.356
95594,11:54:26.356000,BUY,10.06,100,42866356,2019-10-02,42866.356
95596,11:54:26.356000,BUY,10.06,100,42866356,2019-10-02,42866.356
95598,11:54:26.356000,BUY,10.06,600,42866356,2019-10-02,42866.356
95600,11:54:26.356000,BUY,10.06,100,42866356,2019-10-02,42866.356
95777,11:54:27.952000,SELL,10.06,200,42867952,2019-10-02,42867.952
95781,11:54:27.952000,SELL,10.06,100,42867952,2019-10-02,42867.952
95783,11:54:27.952000,SELL,10.06,100,42867952,2019-10-02,42867.952
95785,11:54:27.952000,SELL,10.06,100,42867952,2019-10-02,42867.952
95787,11:54:27.952000,SELL,10.06,100,42867952,2019-10-02,42867.952
95789,11:54:27.952000,SELL,10.06,900,42867952,2019-10-02,42867.952
95791,11:54:27.952000,SELL,10.06,300,42867952,2019-10-02,42867.952
95793,11:54:27.952000,SELL,10.06,11,42867952,2019-10-02,42867.952
95959,11:54:29.140000,SELL,10.05,200,42869140,2019-10-02,42869.14
95963,11:54:29.140000,SELL,10.05,100,42869140,2019-10-02,42869.14
95965,11:54:29.140000,SELL,10.05,100,42869140,2019-10-02,42869.14
95967,11:54:29.140000,SELL,10.05,100,42869140,2019-10-02,42869.14
95969,11:54:29.140000,SELL,10.05,700,42869140,2019-10-02,42869.14
95971,11:54:29.140000,SELL,10.05,200,42869140,2019-10-02,42869.14
95973,11:54:29.140000,SELL,10.05,400,42869140,2019-10-02,42869.14
95975,11:54:29.140000,SELL,10.05,200,42869140,2019-10-02,42869.14
95977,11:54:29.140000,SELL,10.05,340,42869140,2019-10-02,42869.14
95979,11:54:29.140000,SELL,10.05,100,42869140,2019-10-02,42869.14
95981,11:54:29.140000,SELL,10.05,100,42869140,2019-10-02,42869.14
95983,11:54:29.140000,SELL,10.05,100,42869140,2019-10-02,42869.14
95985,11:54:29.140000,SELL,10.05,400,42869140,2019-10-02,42869.14
96069,11:54:29.147000,BUY,10.05,300,42869147,2019-10-02,42869.147
96074,11:54:29.147000,BUY,10.05,100,42869147,2019-10-02,42869.147
96076,11:54:29.147000,BUY,10.05,100,42869147,2019-10-02,42869.147
96078,11:54:29.147000,BUY,10.05,100,42869147,2019-10-02,42869.147
