time,bidPx_0,bidPx_1,bidPx_2,bidPx_3,bidPx_4,bidQty_0,bidQty_1,bidQty_2,bidQty_3,bidQty_4,askPx_0,askPx_1,askPx_2,askPx_3,askPx_4,askQty_0,askQty_1,askQty_2,askQty_3,askQty_4,date,time_elapsed
09:30:18.678000,10.2,10.19,10.18,10.16,10.15,100,100,191,500,100,10.22,10.23,10.24,10.28,10.3,100,100,200,200,155,2019-10-02,34218.678
09:30:18.678000,10.2,10.19,10.18,10.16,10.15,100,100,191,500,100,10.22,10.23,10.24,10.28,10.3,198,100,210,200,155,2019-10-02,34218.678
09:30:51.531000,10.2,10.19,10.18,10.17,10.16,100,100,100,100,600,10.22,10.23,10.3,10.31,10.33,120,100,1055,100,100,2019-10-02,34251.531
09:30:51.531000,10.2,10.19,10.18,10.17,10.16,210,100,100,100,600,10.22,10.23,10.3,10.31,10.33,120,100,1055,100,100,2019-10-02,34251.531
09:30:51.531000,10.2,10.19,10.18,10.17,10.16,210,100,100,100,600,10.22,10.23,10.3,10.31,10.33,101,100,1055,100,100,2019-10-02,34251.531
09:30:51.531000,10.2,10.19,10.18,10.17,10.16,210,100,100,100,600,10.22,10.23,10.3,10.31,10.33,101,100,1055,100,100,2019-10-02,34251.531
09:30:51.531000,10.2,10.19,10.18,10.17,10.16,210,100,100,100,600,10.22,10.23,10.3,10.31,10.33,100,100,1055,100,100,2019-10-02,34251.531
09:30:51.531000,10.21,10.2,10.19,10.18,10.17,100,210,100,100,100,10.22,10.23,10.3,10.31,10.33,120,100,1055,100,100,2019-10-02,34251.531
09:30:51.531000,10.21,10.2,10.19,10.18,10.17,100,210,100,100,100,10.22,10.23,10.3,10.31,10.33,100,100,1055,100,100,2019-10-02,34251.531
09:30:51.531000,10.21,10.2,10.19,10.18,10.17,100,210,100,100,100,10.22,10.23,10.3,10.31,10.33,81,100,1055,100,100,2019-10-02,34251.531
09:30:51.532000,10.21,10.2,10.19,10.18,10.17,119,100,100,100,100,10.22,10.23,10.3,10.31,10.33,100,100,1055,100,100,2019-10-02,34251.532
09:30:51.539000,10.21,10.2,10.19,10.18,10.17,229,200,100,100,100,10.22,10.23,10.3,10.31,10.33,173,100,1055,100,100,2019-10-02,34251.539
09:31:02.636000,10.2,10.18,10.17,10.16,10.15,200,100,200,600,100,10.22,10.23,10.25,10.3,10.31,173,100,200,255,100,2019-10-02,34262.636
09:31:04.091000,10.2,10.18,10.17,10.16,10.15,300,100,200,600,100,10.21,10.22,10.23,10.25,10.27,200,273,100,200,200,2019-10-02,34264.091
09:31:04.091000,10.2,10.18,10.17,10.16,10.15,200,100,200,600,100,10.21,10.22,10.23,10.25,10.27,200,273,100,200,200,2019-10-02,34264.091
09:31:04.091000,10.2,10.18,10.17,10.16,10.15,100,100,200,600,100,10.21,10.22,10.23,10.25,10.27,200,273,100,200,200,2019-10-02,34264.091
09:31:04.091000,10.18,10.17,10.16,10.15,10.14,100,200,600,100,100,10.21,10.22,10.23,10.25,10.27,500,273,100,200,200,2019-10-02,34264.091
09:32:05.107000,10.18,10.17,10.16,10.15,10.14,200,100,300,100,800,10.2,10.21,10.22,10.23,10.24,300,200,200,100,200,2019-10-02,34325.107
09:32:24.780000,10.17,10.16,10.15,10.14,10.13,84,200,100,600,200,10.18,10.19,10.2,10.21,10.22,962,400,200,1100,200,2019-10-02,34344.78
09:32:24.780000,10.16,10.15,10.14,10.13,10.12,200,100,600,200,200,10.18,10.19,10.2,10.21,10.22,962,400,200,1100,200,2019-10-02,34344.78
09:32:34.758000,10.16,10.15,10.14,10.13,10.12,500,200,200,200,500,10.17,10.18,10.19,10.2,10.21,100,400,200,200,1100,2019-10-02,34354.758
09:32:34.758000,10.16,10.15,10.14,10.13,10.12,500,200,200,200,500,10.18,10.19,10.2,10.21,10.22,400,200,200,1100,200,2019-10-02,34354.758
09:32:34.759000,10.17,10.16,10.15,10.14,10.13,1322,800,200,200,200,10.18,10.19,10.2,10.21,10.22,300,200,200,1100,200,2019-10-02,34354.759
09:32:34.759000,10.17,10.16,10.15,10.14,10.13,1322,800,200,200,200,10.18,10.19,10.2,10.21,10.22,200,200,200,1100,200,2019-10-02,34354.759
09:32:34.759000,10.17,10.16,10.15,10.14,10.13,1322,800,200,200,200,10.18,10.19,10.2,10.21,10.22,100,200,200,1100,200,2019-10-02,34354.759
09:32:34.759000,10.17,10.16,10.15,10.14,10.13,1322,800,200,200,200,10.19,10.2,10.21,10.22,10.23,200,200,1100,200,200,2019-10-02,34354.759
09:32:37.714000,10.18,10.17,10.16,10.15,10.14,300,800,500,200,700,10.2,10.21,10.22,10.23,10.24,400,1100,300,200,200,2019-10-02,34357.714
09:32:39.318000,10.19,10.18,10.17,10.16,10.15,541,300,805,400,200,10.2,10.21,10.22,10.23,10.24,100,200,300,1100,200,2019-10-02,34359.318
09:32:39.318000,10.19,10.18,10.17,10.16,10.15,541,300,805,400,200,10.21,10.22,10.23,10.24,10.25,200,300,1100,200,300,2019-10-02,34359.318
09:32:39.348000,10.19,10.18,10.17,10.16,10.15,400,300,805,1000,200,10.21,10.22,10.23,10.24,10.25,1762,300,1100,200,200,2019-10-02,34359.348
09:32:39.429000,10.18,10.17,10.16,10.15,10.14,200,805,1000,300,200,10.2,10.21,10.22,10.23,10.24,1762,800,300,1100,200,2019-10-02,34359.429
09:33:08.358000,10.17,10.16,10.15,10.14,10.13,600,400,300,1000,200,10.18,10.19,10.2,10.21,10.22,500,1300,1000,400,300,2019-10-02,34388.358
09:33:08.358000,10.17,10.16,10.15,10.14,10.13,600,400,300,1000,200,10.18,10.19,10.2,10.21,10.22,600,1300,600,1300,300,2019-10-02,34388.358
09:33:12.066000,10.17,10.16,10.15,10.14,10.13,600,400,300,1000,200,10.18,10.19,10.2,10.21,10.22,1000,500,600,1300,300,2019-10-02,34392.066
09:33:12.066000,10.17,10.16,10.15,10.14,10.13,400,400,300,1000,200,10.18,10.19,10.2,10.21,10.22,1000,500,600,1300,300,2019-10-02,34392.066
09:33:12.066000,10.17,10.16,10.15,10.14,10.13,300,400,300,1000,200,10.18,10.19,10.2,10.21,10.22,1000,500,600,1300,300,2019-10-02,34392.066
09:33:12.066000,10.17,10.16,10.15,10.14,10.13,200,400,300,1000,200,10.18,10.19,10.2,10.21,10.22,1000,500,600,1300,300,2019-10-02,34392.066
09:33:12.066000,10.17,10.16,10.15,10.14,10.13,100,400,300,1000,200,10.18,10.19,10.2,10.21,10.22,1000,500,600,1300,300,2019-10-02,34392.066
09:33:12.066000,10.16,10.15,10.14,10.13,10.12,400,300,1000,200,1400,10.18,10.19,10.2,10.21,10.22,1000,500,600,1300,300,2019-10-02,34392.066
09:33:12.159000,10.16,10.15,10.14,10.13,10.12,400,300,500,200,2000,10.17,10.18,10.19,10.2,10.21,900,500,500,600,1300,2019-10-02,34392.159
09:33:12.159000,10.16,10.15,10.14,10.13,10.12,400,300,500,200,2000,10.17,10.18,10.19,10.2,10.21,800,500,500,600,1300,2019-10-02,34392.159
09:33:12.159000,10.16,10.15,10.14,10.13,10.12,400,300,500,200,2000,10.18,10.19,10.2,10.21,10.22,500,500,600,1300,300,2019-10-02,34392.159
09:33:12.162000,10.17,10.16,10.15,10.14,10.13,1100,500,300,500,200,10.18,10.19,10.2,10.21,10.22,400,500,600,1300,300,2019-10-02,34392.162
09:33:12.162000,10.17,10.16,10.15,10.14,10.13,500,500,300,500,200,10.18,10.19,10.2,10.21,10.22,400,500,600,1300,300,2019-10-02,34392.162
09:33:12.162000,10.17,10.16,10.15,10.14,10.13,100,500,300,500,200,10.18,10.19,10.2,10.21,10.22,400,500,600,1300,300,2019-10-02,34392.162
09:33:12.162000,10.16,10.15,10.14,10.13,10.12,500,300,500,200,2000,10.18,10.19,10.2,10.21,10.22,400,500,600,1300,300,2019-10-02,34392.162
09:33:14.339000,10.16,10.15,10.14,10.13,10.12,2100,300,500,200,1100,10.17,10.18,10.19,10.2,10.21,1300,600,500,600,1300,2019-10-02,34394.339
09:33:14.339000,10.16,10.15,10.14,10.13,10.12,2100,300,500,200,1100,10.17,10.18,10.19,10.2,10.21,1000,600,500,600,1300,2019-10-02,34394.339
09:33:14.339000,10.16,10.15,10.14,10.13,10.12,2100,300,500,200,1100,10.17,10.18,10.19,10.2,10.21,100,600,500,600,1300,2019-10-02,34394.339
09:33:15.559000,10.17,10.16,10.15,10.14,10.13,200,400,300,500,200,10.18,10.19,10.2,10.21,10.22,100,500,600,1300,300,2019-10-02,34395.559
09:33:15.559000,10.17,10.16,10.15,10.14,10.13,200,400,300,500,200,10.19,10.2,10.21,10.22,10.23,500,600,1300,300,1300,2019-10-02,34395.559
09:33:16.068000,10.18,10.17,10.16,10.15,10.14,300,400,400,300,1200,10.19,10.2,10.21,10.22,10.23,1300,600,1300,300,1300,2019-10-02,34396.068
09:33:16.068000,10.18,10.17,10.16,10.15,10.14,100,400,400,300,1200,10.19,10.2,10.21,10.22,10.23,1300,600,1300,300,1300,2019-10-02,34396.068
09:33:16.068000,10.17,10.16,10.15,10.14,10.13,400,400,300,1200,200,10.19,10.2,10.21,10.22,10.23,1300,600,1300,300,1300,2019-10-02,34396.068
09:33:28.922000,10.17,10.16,10.15,10.14,10.13,400,400,300,1000,200,10.18,10.19,10.2,10.21,10.22,200,600,600,1300,300,2019-10-02,34408.922
09:33:28.922000,10.17,10.16,10.15,10.14,10.13,400,400,300,1000,200,10.18,10.19,10.2,10.21,10.22,100,600,600,1300,300,2019-10-02,34408.922
09:33:28.922000,10.17,10.16,10.15,10.14,10.13,400,400,300,1000,200,10.19,10.2,10.21,10.22,10.23,600,600,1300,300,1300,2019-10-02,34408.922
09:33:28.922000,10.17,10.16,10.15,10.14,10.13,900,400,300,1000,200,10.19,10.2,10.21,10.22,10.23,500,600,1300,300,1300,2019-10-02,34408.922
09:34:08.329000,10.16,10.15,10.14,10.13,10.12,500,400,1000,300,1300,10.18,10.19,10.2,10.21,10.22,2410,400,600,1300,500,2019-10-02,34448.329
09:34:42.693000,10.15,10.14,10.13,10.12,10.11,87,400,400,1100,400,10.16,10.17,10.18,10.19,10.2,1510,1000,900,1600,1700,2019-10-02,34482.693
09:34:42.693000,10.15,10.14,10.13,10.12,10.11,13,400,400,1100,400,10.16,10.17,10.18,10.19,10.2,1610,1100,900,1600,1700,2019-10-02,34482.693
09:34:42.693000,10.14,10.13,10.12,10.11,10.1,400,400,1100,400,1200,10.16,10.17,10.18,10.19,10.2,1610,1100,900,1600,1700,2019-10-02,34482.693
09:34:51.465000,10.13,10.12,10.11,10.1,10.09,400,400,400,1100,1300,10.15,10.16,10.17,10.18,10.19,1910,700,1100,1700,1600,2019-10-02,34491.465
09:34:53.100000,10.13,10.12,10.11,10.1,10.09,200,400,400,1100,300,10.14,10.15,10.16,10.17,10.18,1910,1200,700,2000,1700,2019-10-02,34493.1
09:34:53.100000,10.13,10.12,10.11,10.1,10.09,100,400,400,1100,300,10.14,10.15,10.16,10.17,10.18,1910,1200,700,2000,1700,2019-10-02,34493.1
09:34:53.100000,10.12,10.11,10.1,10.09,10.08,400,400,1100,300,1200,10.14,10.15,10.16,10.17,10.18,1910,1200,700,2000,1700,2019-10-02,34493.1
09:35:09.830000,10.11,10.1,10.09,10.08,10.07,600,500,500,1100,1200,10.13,10.14,10.15,10.16,10.17,1510,1200,800,1600,1900,2019-10-02,34509.83
09:35:09.830000,10.12,10.11,10.1,10.09,10.08,100,600,500,500,1100,10.13,10.14,10.15,10.16,10.17,2330,1200,800,1600,1900,2019-10-02,34509.83
09:35:09.830000,10.11,10.1,10.09,10.08,10.07,600,500,500,1100,1200,10.13,10.14,10.15,10.16,10.17,2330,1200,800,1600,1900,2019-10-02,34509.83
09:35:09.830000,10.12,10.11,10.1,10.09,10.08,99,600,500,500,1100,10.13,10.14,10.15,10.16,10.17,3430,1200,800,1600,1900,2019-10-02,34509.83
09:35:09.830000,10.12,10.11,10.1,10.09,10.08,98,600,500,500,1100,10.13,10.14,10.15,10.16,10.17,3430,1200,800,1600,1900,2019-10-02,34509.83
09:35:09.830000,10.11,10.1,10.09,10.08,10.07,600,500,500,1100,1200,10.13,10.14,10.15,10.16,10.17,3430,1200,800,1600,1900,2019-10-02,34509.83
09:35:11.154000,10.11,10.1,10.09,10.08,10.07,800,600,500,1100,300,10.12,10.13,10.14,10.15,10.16,700,900,800,1700,1600,2019-10-02,34511.154
09:35:11.154000,10.11,10.1,10.09,10.08,10.07,800,600,500,1100,300,10.12,10.13,10.14,10.15,10.16,600,900,800,1700,1600,2019-10-02,34511.154
09:35:11.154000,10.11,10.1,10.09,10.08,10.07,800,600,500,1100,300,10.13,10.14,10.15,10.16,10.17,900,800,1700,1600,1900,2019-10-02,34511.154
09:35:11.266000,10.12,10.11,10.1,10.09,10.08,1900,800,600,500,1100,10.13,10.14,10.15,10.16,10.17,600,800,1700,1600,1900,2019-10-02,34511.266
09:35:11.266000,10.12,10.11,10.1,10.09,10.08,1900,800,600,500,1100,10.13,10.14,10.15,10.16,10.17,500,800,1700,1600,1900,2019-10-02,34511.266
09:35:11.266000,10.12,10.11,10.1,10.09,10.08,1900,800,600,500,1100,10.13,10.14,10.15,10.16,10.17,300,800,1700,1600,1900,2019-10-02,34511.266
09:35:11.266000,10.12,10.11,10.1,10.09,10.08,1900,800,600,500,1100,10.13,10.14,10.15,10.16,10.17,200,800,1700,1600,1900,2019-10-02,34511.266
09:35:11.266000,10.12,10.11,10.1,10.09,10.08,1900,800,600,500,1100,10.14,10.15,10.16,10.17,10.18,800,1700,1600,1900,1700,2019-10-02,34511.266
09:35:11.266000,10.12,10.11,10.1,10.09,10.08,3100,800,600,500,1100,10.13,10.14,10.15,10.16,10.17,100,800,1700,1600,1900,2019-10-02,34511.266
09:35:12.470000,10.13,10.12,10.11,10.1,10.09,1500,2100,800,600,500,10.15,10.16,10.17,10.18,10.19,800,700,1800,1700,700,2019-10-02,34512.47
09:35:12.471000,10.13,10.12,10.11,10.1,10.09,2300,2100,800,600,500,10.14,10.15,10.16,10.17,10.18,100,800,700,1800,1700,2019-10-02,34512.471
09:35:15.687000,10.14,10.13,10.12,10.11,10.1,1100,1700,1700,800,1400,10.16,10.17,10.18,10.19,10.2,700,900,1700,600,800,2019-10-02,34515.687
09:35:20.028000,10.15,10.14,10.13,10.12,10.11,400,1000,1700,1700,800,10.16,10.17,10.18,10.19,10.2,500,1000,800,700,700,2019-10-02,34520.028
09:35:20.028000,10.15,10.14,10.13,10.12,10.11,300,1000,1700,1700,800,10.16,10.17,10.18,10.19,10.2,500,1000,800,700,700,2019-10-02,34520.028
09:35:20.028000,10.15,10.14,10.13,10.12,10.11,200,1000,1700,1700,800,10.16,10.17,10.18,10.19,10.2,500,1000,800,700,700,2019-10-02,34520.028
09:35:20.028000,10.14,10.13,10.12,10.11,10.1,1000,1700,1700,800,2300,10.16,10.17,10.18,10.19,10.2,500,1000,800,700,700,2019-10-02,34520.028
09:35:20.031000,10.15,10.14,10.13,10.12,10.11,600,1000,1700,1700,800,10.16,10.17,10.18,10.19,10.2,1200,1000,800,1600,700,2019-10-02,34520.031
09:35:57.706000,10.15,10.14,10.13,10.12,10.11,600,1100,2000,1900,1000,10.16,10.17,10.18,10.19,10.2,200,1000,800,1600,800,2019-10-02,34557.706
09:35:57.706000,10.15,10.14,10.13,10.12,10.11,600,1100,2000,1900,1000,10.16,10.17,10.18,10.19,10.2,100,1000,800,1600,800,2019-10-02,34557.706
09:35:57.706000,10.15,10.14,10.13,10.12,10.11,600,1100,2000,1900,1000,10.17,10.18,10.19,10.2,10.21,1000,800,1600,800,1600,2019-10-02,34557.706
09:36:06.664000,10.16,10.15,10.14,10.13,10.12,600,900,1200,1900,2700,10.17,10.18,10.19,10.2,10.21,247,800,700,1700,1600,2019-10-02,34566.664
09:36:06.664000,10.16,10.15,10.14,10.13,10.12,600,900,1200,1900,2700,10.17,10.18,10.19,10.2,10.21,200,800,700,1700,1600,2019-10-02,34566.664
09:36:06.664000,10.16,10.15,10.14,10.13,10.12,600,900,1200,1900,2700,10.17,10.18,10.19,10.2,10.21,100,800,700,1700,1600,2019-10-02,34566.664
09:36:06.664000,10.16,10.15,10.14,10.13,10.12,600,900,1200,1900,2700,10.18,10.19,10.2,10.21,10.22,800,700,1700,1600,700,2019-10-02,34566.664
09:36:07.953000,10.17,10.16,10.15,10.14,10.13,200,700,700,1200,1900,10.18,10.19,10.2,10.21,10.22,1710,700,700,1700,700,2019-10-02,34567.953
09:36:07.953000,10.17,10.16,10.15,10.14,10.13,100,700,700,1200,1900,10.18,10.19,10.2,10.21,10.22,1710,700,700,1700,700,2019-10-02,34567.953
09:36:07.953000,10.17,10.16,10.15,10.14,10.13,30,700,700,1200,1900,10.18,10.19,10.2,10.21,10.22,1710,700,700,1700,700,2019-10-02,34567.953
09:36:07.953000,10.16,10.15,10.14,10.13,10.12,700,700,1200,1900,3600,10.18,10.19,10.2,10.21,10.22,2410,700,700,1700,700,2019-10-02,34567.953
09:36:11.150000,10.15,10.14,10.13,10.12,10.11,700,1200,1900,2700,1600,10.17,10.18,10.19,10.2,10.21,2811,1400,700,1600,1700,2019-10-02,34571.15
09:36:26.035000,10.15,10.14,10.13,10.12,10.11,700,1100,2000,2700,900,10.16,10.17,10.18,10.19,10.2,400,1800,1100,1700,1600,2019-10-02,34586.035
09:36:31.448000,10.15,10.14,10.13,10.12,10.11,600,1100,2000,2700,900,10.16,10.17,10.18,10.19,10.2,200,1600,1100,1700,1600,2019-10-02,34591.448
09:36:32.049000,10.15,10.14,10.13,10.12,10.11,700,1100,2000,2700,900,10.16,10.17,10.18,10.19,10.2,100,1600,1100,1600,1700,2019-10-02,34592.049
09:36:32.049000,10.15,10.14,10.13,10.12,10.11,700,1100,2000,2700,900,10.17,10.18,10.19,10.2,10.21,1600,1100,1600,1700,1600,2019-10-02,34592.049
09:36:45.881000,10.17,10.16,10.15,10.14,10.13,996,1000,1000,1100,1800,10.19,10.2,10.21,10.22,10.23,1610,700,1700,700,600,2019-10-02,34605.881
09:36:45.881000,10.17,10.16,10.15,10.14,10.13,896,1000,1000,1100,1800,10.19,10.2,10.21,10.22,10.23,1610,700,1700,700,600,2019-10-02,34605.881
09:36:45.881000,10.17,10.16,10.15,10.14,10.13,796,1000,1000,1100,1800,10.19,10.2,10.21,10.22,10.23,1610,700,1700,700,600,2019-10-02,34605.881
09:37:00.022000,10.17,10.16,10.15,10.14,10.13,296,900,1200,1300,2000,10.18,10.19,10.2,10.21,10.22,1710,700,800,1800,700,2019-10-02,34620.022
09:37:00.022000,10.17,10.16,10.15,10.14,10.13,200,900,1200,1300,2000,10.18,10.19,10.2,10.21,10.22,1710,700,800,1800,700,2019-10-02,34620.022
09:37:00.022000,10.17,10.16,10.15,10.14,10.13,196,900,1200,1300,2000,10.18,10.19,10.2,10.21,10.22,1710,700,800,1800,700,2019-10-02,34620.022
09:37:09.743000,10.15,10.14,10.13,10.12,10.11,900,1300,2000,2600,1600,10.17,10.18,10.19,10.2,10.21,1984,1000,700,1800,1700,2019-10-02,34629.743
09:37:10.778000,10.16,10.15,10.14,10.13,10.12,300,1000,1300,2000,2600,10.17,10.18,10.19,10.2,10.21,934,1000,700,1800,1700,2019-10-02,34630.778
09:37:10.778000,10.16,10.15,10.14,10.13,10.12,200,1000,1300,2000,2600,10.17,10.18,10.19,10.2,10.21,934,1000,700,1800,1700,2019-10-02,34630.778
09:37:10.778000,10.16,10.15,10.14,10.13,10.12,100,1000,1300,2000,2600,10.17,10.18,10.19,10.2,10.21,934,1000,700,1800,1700,2019-10-02,34630.778
09:37:10.778000,10.15,10.14,10.13,10.12,10.11,1000,1300,2000,2600,1600,10.17,10.18,10.19,10.2,10.21,934,1000,700,1800,1700,2019-10-02,34630.778
09:37:53.345000,10.15,10.14,10.13,10.12,10.11,700,1200,2200,3100,2200,10.16,10.17,10.18,10.19,10.2,300,1100,1000,1800,2000,2019-10-02,34673.345
09:37:53.345000,10.15,10.14,10.13,10.12,10.11,700,1200,2200,3100,2200,10.16,10.17,10.18,10.19,10.2,200,1100,1000,1800,2000,2019-10-02,34673.345
09:37:53.345000,10.15,10.14,10.13,10.12,10.11,700,1200,2200,3100,2200,10.16,10.17,10.18,10.19,10.2,100,1100,1000,1800,2000,2019-10-02,34673.345
09:37:53.345000,10.15,10.14,10.13,10.12,10.11,700,1200,2200,3100,2200,10.17,10.18,10.19,10.2,10.21,1100,1000,1800,2000,1900,2019-10-02,34673.345
09:37:53.345000,10.15,10.14,10.13,10.12,10.11,2203,1200,2200,3100,2200,10.17,10.18,10.19,10.2,10.21,1000,1000,1800,2000,1900,2019-10-02,34673.345
09:38:32.524000,10.13,10.12,10.11,10.1,10.09,200,2100,1100,1700,1400,10.14,10.15,10.16,10.17,10.18,2379,1500,1100,2000,2000,2019-10-02,34712.524
09:38:33.283000,10.12,10.11,10.1,10.09,10.08,800,1000,700,1400,1400,10.13,10.14,10.15,10.16,10.17,300,1239,800,2000,2100,2019-10-02,34713.283
09:38:33.283000,10.12,10.11,10.1,10.09,10.08,800,1000,700,1400,1400,10.13,10.14,10.15,10.16,10.17,200,1239,800,2000,2100,2019-10-02,34713.283
09:38:33.283000,10.12,10.11,10.1,10.09,10.08,800,1000,700,1400,1400,10.13,10.14,10.15,10.16,10.17,100,1239,800,2000,2100,2019-10-02,34713.283
09:38:33.283000,10.12,10.11,10.1,10.09,10.08,800,1000,700,1400,1400,10.14,10.15,10.16,10.17,10.18,1239,800,2000,2100,2100,2019-10-02,34713.283
09:38:33.665000,10.12,10.11,10.1,10.09,10.08,900,1000,700,1400,1400,10.14,10.15,10.16,10.17,10.18,2440,800,2000,2100,2100,2019-10-02,34713.665
09:38:49.462000,10.13,10.12,10.11,10.1,10.09,500,1300,1000,700,1400,10.14,10.15,10.16,10.17,10.18,2140,1100,1200,2200,2000,2019-10-02,34729.462
09:38:49.462000,10.13,10.12,10.11,10.1,10.09,400,1300,1000,700,1400,10.14,10.15,10.16,10.17,10.18,2140,1100,1200,2200,2000,2019-10-02,34729.462
09:38:49.462000,10.13,10.12,10.11,10.1,10.09,300,1300,1000,700,1400,10.14,10.15,10.16,10.17,10.18,2140,1100,1200,2200,2000,2019-10-02,34729.462
09:38:49.462000,10.12,10.11,10.1,10.09,10.08,1300,1000,700,1400,2400,10.14,10.15,10.16,10.17,10.18,2140,1100,1200,2200,2000,2019-10-02,34729.462
09:39:14.600000,10.12,10.11,10.1,10.09,10.08,1200,900,600,400,2300,10.14,10.15,10.16,10.17,10.18,1100,1000,2000,2100,2000,2019-10-02,34754.6
09:39:15.626000,10.13,10.12,10.11,10.1,10.09,1300,1400,900,600,1300,10.14,10.15,10.16,10.17,10.18,600,1000,1100,1900,2100,2019-10-02,34755.626
09:39:15.626000,10.13,10.12,10.11,10.1,10.09,1000,1400,900,600,1300,10.14,10.15,10.16,10.17,10.18,600,1000,1100,1900,2100,2019-10-02,34755.626
09:39:15.626000,10.13,10.12,10.11,10.1,10.09,900,1400,900,600,1300,10.14,10.15,10.16,10.17,10.18,600,1000,1100,1900,2100,2019-10-02,34755.626
09:39:15.626000,10.13,10.12,10.11,10.1,10.09,800,1400,900,600,1300,10.14,10.15,10.16,10.17,10.18,600,1000,1100,1900,2100,2019-10-02,34755.626
09:39:15.626000,10.13,10.12,10.11,10.1,10.09,700,1400,900,600,1300,10.14,10.15,10.16,10.17,10.18,600,1000,1100,1900,2100,2019-10-02,34755.626
09:39:15.626000,10.13,10.12,10.11,10.1,10.09,600,1400,900,600,1300,10.14,10.15,10.16,10.17,10.18,600,1000,1100,1900,2100,2019-10-02,34755.626
09:39:15.626000,10.13,10.12,10.11,10.1,10.09,300,1400,900,600,1300,10.14,10.15,10.16,10.17,10.18,600,1000,1100,1900,2100,2019-10-02,34755.626
09:39:15.626000,10.13,10.12,10.11,10.1,10.09,200,1400,900,600,1300,10.14,10.15,10.16,10.17,10.18,600,1000,1100,1900,2100,2019-10-02,34755.626
09:39:15.647000,10.12,10.11,10.1,10.09,10.08,1600,900,600,1300,2300,10.14,10.15,10.16,10.17,10.18,1100,1000,2000,1900,2100,2019-10-02,34755.647
09:39:24.608000,10.13,10.12,10.11,10.1,10.09,200,1600,900,600,1300,10.14,10.15,10.16,10.17,10.18,2150,1000,1200,2100,2000,2019-10-02,34764.608
09:39:24.608000,10.13,10.12,10.11,10.1,10.09,100,1600,900,600,1300,10.14,10.15,10.16,10.17,10.18,2150,1000,1200,2100,2000,2019-10-02,34764.608
09:39:24.608000,10.12,10.11,10.1,10.09,10.08,1600,900,600,1300,2300,10.14,10.15,10.16,10.17,10.18,2150,1000,1200,2100,2000,2019-10-02,34764.608
09:39:42.910000,10.12,10.11,10.1,10.09,10.08,1900,900,600,400,2300,10.13,10.14,10.15,10.16,10.17,1109,1100,1000,2000,2100,2019-10-02,34782.91
09:39:42.910000,10.12,10.11,10.1,10.09,10.08,2146,900,600,400,2300,10.13,10.14,10.15,10.16,10.17,178,1100,1000,2000,2100,2019-10-02,34782.91
09:39:42.910000,10.12,10.11,10.1,10.09,10.08,2646,900,600,400,2300,10.14,10.15,10.16,10.17,10.18,1100,1000,2000,2100,2000,2019-10-02,34782.91
09:39:45.314000,10.13,10.12,10.11,10.1,10.09,100,1900,900,600,1300,10.14,10.15,10.16,10.17,10.18,1650,1000,1200,2200,2100,2019-10-02,34785.314
09:39:45.314000,10.12,10.11,10.1,10.09,10.08,1900,900,600,1300,2300,10.14,10.15,10.16,10.17,10.18,1650,1000,1200,2200,2100,2019-10-02,34785.314
09:39:45.315000,10.12,10.11,10.1,10.09,10.08,1900,900,600,1300,2300,10.13,10.14,10.15,10.16,10.17,1347,2050,1100,2200,2200,2019-10-02,34785.315
09:39:45.315000,10.12,10.11,10.1,10.09,10.08,1900,900,600,1300,2300,10.13,10.14,10.15,10.16,10.17,1247,2050,1100,2200,2200,2019-10-02,34785.315
09:39:45.315000,10.12,10.11,10.1,10.09,10.08,1900,900,600,1300,2300,10.13,10.14,10.15,10.16,10.17,1147,2050,1100,2200,2200,2019-10-02,34785.315
09:39:45.315000,10.12,10.11,10.1,10.09,10.08,1900,900,600,1300,2300,10.13,10.14,10.15,10.16,10.17,700,2050,1100,2200,2200,2019-10-02,34785.315
09:39:45.315000,10.12,10.11,10.1,10.09,10.08,1900,900,600,1300,2300,10.13,10.14,10.15,10.16,10.17,600,2050,1100,2200,2200,2019-10-02,34785.315
09:39:45.315000,10.12,10.11,10.1,10.09,10.08,1900,900,600,1300,2300,10.13,10.14,10.15,10.16,10.17,500,2050,1100,2200,2200,2019-10-02,34785.315
09:39:45.315000,10.12,10.11,10.1,10.09,10.08,1900,900,600,1300,2300,10.13,10.14,10.15,10.16,10.17,200,2050,1100,2200,2200,2019-10-02,34785.315
09:39:45.315000,10.12,10.11,10.1,10.09,10.08,1900,900,600,1300,2300,10.14,10.15,10.16,10.17,10.18,2050,1100,2200,2200,2100,2019-10-02,34785.315
09:39:47.389000,10.13,10.12,10.11,10.1,10.09,2347,2000,900,600,1300,10.14,10.15,10.16,10.17,10.18,500,1000,1100,2100,2000,2019-10-02,34787.389
09:39:47.389000,10.13,10.12,10.11,10.1,10.09,2247,2000,900,600,1300,10.14,10.15,10.16,10.17,10.18,500,1000,1100,2100,2000,2019-10-02,34787.389
09:39:47.389000,10.13,10.12,10.11,10.1,10.09,1247,2000,900,600,1300,10.14,10.15,10.16,10.17,10.18,500,1000,1100,2100,2000,2019-10-02,34787.389
09:39:47.389000,10.13,10.12,10.11,10.1,10.09,1147,2000,900,600,1300,10.14,10.15,10.16,10.17,10.18,500,1000,1100,2100,2000,2019-10-02,34787.389
09:39:47.389000,10.13,10.12,10.11,10.1,10.09,1100,2000,900,600,1300,10.14,10.15,10.16,10.17,10.18,500,1000,1100,2100,2000,2019-10-02,34787.389
09:39:47.389000,10.13,10.12,10.11,10.1,10.09,700,2000,900,600,1300,10.14,10.15,10.16,10.17,10.18,500,1000,1100,2100,2000,2019-10-02,34787.389
09:39:47.389000,10.13,10.12,10.11,10.1,10.09,600,2000,900,600,1300,10.14,10.15,10.16,10.17,10.18,500,1000,1100,2100,2000,2019-10-02,34787.389
09:39:47.389000,10.13,10.12,10.11,10.1,10.09,500,2000,900,600,1300,10.14,10.15,10.16,10.17,10.18,500,1000,1100,2100,2000,2019-10-02,34787.389
09:39:47.389000,10.13,10.12,10.11,10.1,10.09,400,2000,900,600,1300,10.14,10.15,10.16,10.17,10.18,500,1000,1100,2100,2000,2019-10-02,34787.389
09:39:47.389000,10.13,10.12,10.11,10.1,10.09,100,2000,900,600,1300,10.14,10.15,10.16,10.17,10.18,500,1000,1100,2100,2000,2019-10-02,34787.389
09:39:47.389000,10.12,10.11,10.1,10.09,10.08,2000,900,600,1300,2300,10.14,10.15,10.16,10.17,10.18,500,1000,1100,2100,2000,2019-10-02,34787.389
09:39:55.596000,10.12,10.11,10.1,10.09,10.08,1100,900,600,400,2300,10.13,10.14,10.15,10.16,10.17,800,1000,1000,2000,2100,2019-10-02,34795.596
09:39:55.596000,10.12,10.11,10.1,10.09,10.08,1100,900,600,400,2300,10.13,10.14,10.15,10.16,10.17,500,1000,1000,2000,2100,2019-10-02,34795.596
09:39:55.596000,10.12,10.11,10.1,10.09,10.08,1100,900,600,400,2300,10.14,10.15,10.16,10.17,10.18,1000,1000,2000,2100,2000,2019-10-02,34795.596
09:39:55.597000,10.12,10.11,10.1,10.09,10.08,2896,900,600,400,2300,10.13,10.14,10.15,10.16,10.17,100,900,1000,2000,2100,2019-10-02,34795.597
09:39:55.597000,10.12,10.11,10.1,10.09,10.08,3048,900,600,400,2300,10.14,10.15,10.16,10.17,10.18,900,1000,2000,2100,2000,2019-10-02,34795.597
09:40:02.957000,10.12,10.11,10.1,10.09,10.08,202,900,600,1200,1500,10.13,10.14,10.15,10.16,10.17,3170,1300,1200,2200,2200,2019-10-02,34802.957
09:40:02.958000,10.11,10.1,10.09,10.08,10.07,900,600,1200,1500,1500,10.13,10.14,10.15,10.16,10.17,3419,1300,1200,2200,2200,2019-10-02,34802.958
09:40:05.466000,10.11,10.1,10.09,10.08,10.07,1000,700,400,600,2200,10.12,10.13,10.14,10.15,10.16,300,2100,1100,1900,2000,2019-10-02,34805.466
09:40:05.466000,10.11,10.1,10.09,10.08,10.07,900,700,400,600,2200,10.12,10.13,10.14,10.15,10.16,300,2100,1100,1900,2000,2019-10-02,34805.466
09:40:27.132000,10.1,10.09,10.08,10.07,10.06,1500,600,500,1300,1300,10.12,10.13,10.14,10.15,10.16,1200,1300,2100,2100,2000,2019-10-02,34827.132
09:41:04.192000,10.1,10.09,10.08,10.07,10.06,1000,600,500,1300,1500,10.11,10.12,10.13,10.14,10.15,100,1400,1200,2000,2000,2019-10-02,34864.192
09:41:04.192000,10.1,10.09,10.08,10.07,10.06,1000,600,500,1300,1500,10.11,10.12,10.13,10.14,10.15,66,1400,1200,2000,2000,2019-10-02,34864.192
09:41:04.192000,10.1,10.09,10.08,10.07,10.06,1000,600,500,1300,1500,10.12,10.13,10.14,10.15,10.16,1400,1200,2000,2000,2100,2019-10-02,34864.192
09:41:04.192000,10.11,10.1,10.09,10.08,10.07,1621,1100,600,500,2200,10.12,10.13,10.14,10.15,10.16,1200,1200,2000,2000,2100,2019-10-02,34864.192
09:41:27.801000,10.11,10.1,10.09,10.08,10.07,100,1000,600,500,2200,10.12,10.13,10.14,10.15,10.16,4557,1200,1400,2200,2100,2019-10-02,34887.801
09:41:27.801000,10.1,10.09,10.08,10.07,10.06,1000,600,500,2200,1500,10.12,10.13,10.14,10.15,10.16,4557,1200,1400,2200,2100,2019-10-02,34887.801
09:41:36.375000,10.1,10.09,10.08,10.07,10.06,1000,700,500,1300,1500,10.11,10.12,10.13,10.14,10.15,100,2000,1300,2100,2000,2019-10-02,34896.375
09:41:36.375000,10.1,10.09,10.08,10.07,10.06,1000,700,500,1300,1500,10.12,10.13,10.14,10.15,10.16,2000,1300,2100,2000,2200,2019-10-02,34896.375
09:41:43.374000,10.11,10.1,10.09,10.08,10.07,1600,1200,600,500,2200,10.12,10.13,10.14,10.15,10.16,1810,1200,1100,2100,2000,2019-10-02,34903.374
09:41:43.374000,10.11,10.1,10.09,10.08,10.07,900,1200,600,500,2200,10.12,10.13,10.14,10.15,10.16,1810,1200,1100,2100,2000,2019-10-02,34903.374
09:41:43.374000,10.11,10.1,10.09,10.08,10.07,800,1200,600,500,2200,10.12,10.13,10.14,10.15,10.16,1810,1200,1100,2100,2000,2019-10-02,34903.374
09:41:43.374000,10.11,10.1,10.09,10.08,10.07,700,1200,600,500,2200,10.12,10.13,10.14,10.15,10.16,1810,1200,1100,2100,2000,2019-10-02,34903.374
09:41:43.374000,10.11,10.1,10.09,10.08,10.07,600,1200,600,500,2200,10.12,10.13,10.14,10.15,10.16,1810,1200,1100,2100,2000,2019-10-02,34903.374
09:42:01.027000,10.11,10.1,10.09,10.08,10.07,171,1100,600,500,2200,10.12,10.13,10.14,10.15,10.16,1830,1300,1400,2200,2100,2019-10-02,34921.027
09:42:01.028000,10.11,10.1,10.09,10.08,10.07,100,1100,600,500,2200,10.12,10.13,10.14,10.15,10.16,2090,1300,1400,2200,2100,2019-10-02,34921.028
09:42:01.028000,10.11,10.1,10.09,10.08,10.07,29,1100,600,500,2200,10.12,10.13,10.14,10.15,10.16,2090,1300,1400,2200,2100,2019-10-02,34921.028
09:42:09.410000,10.1,10.09,10.08,10.07,10.06,100,600,600,1300,1500,10.11,10.12,10.13,10.14,10.15,2630,1600,2300,2200,2200,2019-10-02,34929.41
09:42:09.410000,10.09,10.08,10.07,10.06,10.05,600,600,1300,1500,1500,10.11,10.12,10.13,10.14,10.15,2630,1600,2300,2200,2200,2019-10-02,34929.41
09:42:24.375000,10.08,10.07,10.06,10.05,10.04,700,900,800,2500,800,10.1,10.11,10.12,10.13,10.14,1930,2200,2400,2300,2300,2019-10-02,34944.375
09:42:56.175000,10.08,10.07,10.06,10.05,10.04,1800,800,700,1400,1600,10.09,10.1,10.11,10.12,10.13,200,1500,1900,2100,2300,2019-10-02,34976.175
09:42:56.175000,10.08,10.07,10.06,10.05,10.04,1800,800,700,1400,1600,10.09,10.1,10.11,10.12,10.13,100,1500,1900,2100,2300,2019-10-02,34976.175
09:42:56.175000,10.08,10.07,10.06,10.05,10.04,1800,800,700,1400,1600,10.1,10.11,10.12,10.13,10.14,1500,1900,2100,2300,2100,2019-10-02,34976.175
09:43:00.067000,10.09,10.08,10.07,10.06,10.05,2165,1800,800,700,2300,10.1,10.11,10.12,10.13,10.14,700,1900,1200,2200,2200,2019-10-02,34980.067
09:43:10.915000,10.09,10.08,10.07,10.06,10.05,1665,1800,700,700,2300,10.1,10.11,10.12,10.13,10.14,1098,1900,1200,2200,2200,2019-10-02,34990.915
09:43:18.068000,10.09,10.08,10.07,10.06,10.05,1865,1800,700,700,2300,10.1,10.11,10.12,10.13,10.14,600,1900,1200,2100,2200,2019-10-02,34998.068
09:43:18.068000,10.09,10.08,10.07,10.06,10.05,1865,1800,700,700,2300,10.1,10.11,10.12,10.13,10.14,500,1900,1200,2100,2200,2019-10-02,34998.068
09:43:18.068000,10.09,10.08,10.07,10.06,10.05,1865,1800,700,700,2300,10.1,10.11,10.12,10.13,10.14,200,1900,1200,2100,2200,2019-10-02,34998.068
09:43:18.068000,10.09,10.08,10.07,10.06,10.05,1865,1800,700,700,2300,10.1,10.11,10.12,10.13,10.14,100,1900,1200,2100,2200,2019-10-02,34998.068
09:43:18.068000,10.09,10.08,10.07,10.06,10.05,1865,1800,700,700,2300,10.11,10.12,10.13,10.14,10.15,1900,1200,2100,2200,1100,2019-10-02,34998.068
09:43:18.325000,10.1,10.09,10.08,10.07,10.06,1867,2065,1300,700,2400,10.11,10.12,10.13,10.14,10.15,2501,1300,2200,2100,1200,2019-10-02,34998.325
09:43:23.307000,10.1,10.09,10.08,10.07,10.06,100,2065,1300,600,2400,10.11,10.12,10.13,10.14,10.15,3301,1500,1400,2300,1200,2019-10-02,35003.307
09:43:23.307000,10.1,10.09,10.08,10.07,10.06,67,2065,1300,600,2400,10.11,10.12,10.13,10.14,10.15,3301,1500,1400,2300,1200,2019-10-02,35003.307
09:43:23.307000,10.09,10.08,10.07,10.06,10.05,2065,1300,600,2400,2300,10.11,10.12,10.13,10.14,10.15,4369,1500,1400,2300,1200,2019-10-02,35003.307
09:43:26.852000,10.09,10.08,10.07,10.06,10.05,2065,1300,600,1500,1500,10.11,10.12,10.13,10.14,10.15,2793,1200,2200,2200,1100,2019-10-02,35006.852
09:43:48.571000,10.09,10.08,10.07,10.06,10.05,2065,1300,800,1500,2200,10.1,10.11,10.12,10.13,10.14,1280,2397,1800,2300,2300,2019-10-02,35028.571
09:43:48.571000,10.09,10.08,10.07,10.06,10.05,2065,1300,800,1500,2200,10.1,10.11,10.12,10.13,10.14,1180,2397,1800,2300,2300,2019-10-02,35028.571
09:43:48.571000,10.09,10.08,10.07,10.06,10.05,2065,1300,800,1500,2200,10.1,10.11,10.12,10.13,10.14,1109,2397,1800,2300,2300,2019-10-02,35028.571
09:43:48.571000,10.09,10.08,10.07,10.06,10.05,2065,1300,800,1500,2200,10.1,10.11,10.12,10.13,10.14,600,2397,1800,2300,2300,2019-10-02,35028.571
09:43:48.571000,10.09,10.08,10.07,10.06,10.05,2065,1300,800,1500,2200,10.1,10.11,10.12,10.13,10.14,200,2397,1800,2300,2300,2019-10-02,35028.571
09:43:48.571000,10.09,10.08,10.07,10.06,10.05,2065,1300,800,1500,2200,10.11,10.12,10.13,10.14,10.15,2397,1800,2300,2300,1000,2019-10-02,35028.571
09:43:48.573000,10.1,10.09,10.08,10.07,10.06,1571,2165,1300,800,2400,10.11,10.12,10.13,10.14,10.15,2297,1800,2300,2300,1000,2019-10-02,35028.573
09:43:48.574000,10.1,10.09,10.08,10.07,10.06,1371,2165,1300,800,2400,10.11,10.12,10.13,10.14,10.15,2093,1800,2300,2300,1000,2019-10-02,35028.574
09:43:49.042000,10.1,10.09,10.08,10.07,10.06,100,2065,1300,800,2400,10.11,10.12,10.13,10.14,10.15,2397,1800,2300,2300,1000,2019-10-02,35029.042
09:43:49.042000,10.1,10.09,10.08,10.07,10.06,38,2065,1300,800,2400,10.11,10.12,10.13,10.14,10.15,2397,1800,2300,2300,1000,2019-10-02,35029.042
09:44:03.176000,10.09,10.08,10.07,10.06,10.05,2638,1400,600,1500,1500,10.1,10.11,10.12,10.13,10.14,200,1793,1500,2200,2200,2019-10-02,35043.176
09:44:03.176000,10.09,10.08,10.07,10.06,10.05,2638,1400,600,1500,1500,10.1,10.11,10.12,10.13,10.14,100,1793,1500,2200,2200,2019-10-02,35043.176
09:44:03.176000,10.09,10.08,10.07,10.06,10.05,2638,1400,600,1500,1500,10.1,10.11,10.12,10.13,10.14,77,1793,1500,2200,2200,2019-10-02,35043.176
09:44:03.176000,10.09,10.08,10.07,10.06,10.05,2465,1400,600,1500,1500,10.11,10.12,10.13,10.14,10.15,1793,1500,2200,2200,1100,2019-10-02,35043.176
09:44:03.176000,10.09,10.08,10.07,10.06,10.05,3538,1400,600,1500,1500,10.1,10.11,10.12,10.13,10.14,41,1693,1500,2200,2200,2019-10-02,35043.176
09:44:03.176000,10.09,10.08,10.07,10.06,10.05,3538,1400,600,1500,1500,10.11,10.12,10.13,10.14,10.15,1693,1500,2200,2200,1100,2019-10-02,35043.176
09:44:04.440000,10.1,10.09,10.08,10.07,10.06,300,2365,1400,600,2400,10.11,10.12,10.13,10.14,10.15,1593,1700,1400,2100,1200,2019-10-02,35044.44
09:44:15.998000,10.09,10.08,10.07,10.06,10.05,2365,1400,600,1500,1500,10.1,10.11,10.12,10.13,10.14,200,1993,1500,2200,2200,2019-10-02,35055.998
09:44:15.998000,10.09,10.08,10.07,10.06,10.05,2365,1400,600,1500,1500,10.1,10.11,10.12,10.13,10.14,100,1993,1500,2200,2200,2019-10-02,35055.998
09:44:15.998000,10.09,10.08,10.07,10.06,10.05,2365,1400,600,1500,1500,10.11,10.12,10.13,10.14,10.15,1993,1500,2200,2200,1100,2019-10-02,35055.998
09:44:21.964000,10.1,10.09,10.08,10.07,10.06,2174,2465,1300,900,2400,10.11,10.12,10.13,10.14,10.15,200,1500,1300,2100,1200,2019-10-02,35061.964
09:44:21.964000,10.1,10.09,10.08,10.07,10.06,2174,2465,1300,900,2400,10.11,10.12,10.13,10.14,10.15,100,1500,1300,2100,1200,2019-10-02,35061.964
09:44:21.964000,10.1,10.09,10.08,10.07,10.06,2174,2465,1300,900,2400,10.12,10.13,10.14,10.15,10.16,1500,1300,2100,1200,1800,2019-10-02,35061.964
09:44:28.070000,10.11,10.1,10.09,10.08,10.07,1200,2474,2065,1600,2700,10.12,10.13,10.14,10.15,10.16,100,1300,1200,1900,1900,2019-10-02,35068.07
09:44:28.070000,10.11,10.1,10.09,10.08,10.07,1200,2474,2065,1600,2700,10.13,10.14,10.15,10.16,10.17,1300,1200,1900,1900,900,2019-10-02,35068.07
09:44:40.126000,10.12,10.11,10.1,10.09,10.08,1100,1800,1874,2065,3100,10.14,10.15,10.16,10.17,10.18,1200,1000,1700,1000,1800,2019-10-02,35080.126
09:45:35.669000,10.12,10.11,10.1,10.09,10.08,600,1800,1874,2165,3200,10.13,10.14,10.15,10.16,10.17,2900,1200,1100,2300,1100,2019-10-02,35135.669
09:45:35.669000,10.12,10.11,10.1,10.09,10.08,500,1800,1874,2165,3200,10.13,10.14,10.15,10.16,10.17,2900,1200,1100,2300,1100,2019-10-02,35135.669
09:45:35.669000,10.12,10.11,10.1,10.09,10.08,400,1800,1874,2165,3200,10.13,10.14,10.15,10.16,10.17,2900,1200,1100,2300,1100,2019-10-02,35135.669
09:45:35.669000,10.12,10.11,10.1,10.09,10.08,200,1800,1874,2165,3200,10.13,10.14,10.15,10.16,10.17,2900,1200,1100,2300,1100,2019-10-02,35135.669
09:45:35.669000,10.11,10.1,10.09,10.08,10.07,1800,1874,2165,3200,1700,10.13,10.14,10.15,10.16,10.17,2900,1200,1100,2300,1100,2019-10-02,35135.669
09:46:15.740000,10.11,10.1,10.09,10.08,10.07,100,1574,1765,2100,1700,10.12,10.13,10.14,10.15,10.16,4280,1300,1400,2800,1900,2019-10-02,35175.74
09:46:15.740000,10.1,10.09,10.08,10.07,10.06,1574,1765,2100,1700,1500,10.12,10.13,10.14,10.15,10.16,4280,1300,1400,2800,1900,2019-10-02,35175.74
09:47:43.138000,10.1,10.09,10.08,10.07,10.06,1300,1765,1400,1000,2400,10.11,10.12,10.13,10.14,10.15,900,6471,1200,2200,2200,2019-10-02,35263.138
09:47:43.138000,10.1,10.09,10.08,10.07,10.06,1300,1765,1400,1000,2400,10.11,10.12,10.13,10.14,10.15,728,6471,1200,2200,2200,2019-10-02,35263.138
09:47:43.139000,10.1,10.09,10.08,10.07,10.06,1300,1765,1400,1000,2400,10.12,10.13,10.14,10.15,10.16,6471,1200,2200,2200,1900,2019-10-02,35263.139
09:47:47.164000,10.11,10.1,10.09,10.08,10.07,2994,1600,1765,1400,2700,10.12,10.13,10.14,10.15,10.16,4180,1200,1300,2100,2000,2019-10-02,35267.164
09:47:47.164000,10.11,10.1,10.09,10.08,10.07,2994,1600,1765,1400,2700,10.12,10.13,10.14,10.15,10.16,3480,1200,1300,2100,2000,2019-10-02,35267.164
09:47:47.164000,10.11,10.1,10.09,10.08,10.07,2994,1600,1765,1400,2700,10.12,10.13,10.14,10.15,10.16,3400,1200,1300,2100,2000,2019-10-02,35267.164
09:47:47.164000,10.11,10.1,10.09,10.08,10.07,2994,1600,1765,1400,2700,10.12,10.13,10.14,10.15,10.16,2400,1200,1300,2100,2000,2019-10-02,35267.164
09:47:47.164000,10.11,10.1,10.09,10.08,10.07,2994,1600,1765,1400,2700,10.12,10.13,10.14,10.15,10.16,100,1200,1300,2100,2000,2019-10-02,35267.164
09:47:47.164000,10.11,10.1,10.09,10.08,10.07,2994,1600,1765,1400,2700,10.13,10.14,10.15,10.16,10.17,1200,1300,2100,2000,1000,2019-10-02,35267.164
09:47:47.165000,10.12,10.11,10.1,10.09,10.08,3019,3243,1600,1765,2300,10.13,10.14,10.15,10.16,10.17,1200,1300,2100,2000,1000,2019-10-02,35267.165
09:47:47.186000,10.12,10.11,10.1,10.09,10.08,2694,2443,1600,1765,2300,10.13,10.14,10.15,10.16,10.17,1300,1300,2100,1900,1500,2019-10-02,35267.186
09:47:47.186000,10.12,10.11,10.1,10.09,10.08,2594,2443,1600,1765,2300,10.13,10.14,10.15,10.16,10.17,1300,1300,2100,1900,1500,2019-10-02,35267.186
09:47:47.186000,10.12,10.11,10.1,10.09,10.08,2494,2443,1600,1765,2300,10.13,10.14,10.15,10.16,10.17,1300,1300,2100,1900,1500,2019-10-02,35267.186
09:47:47.186000,10.12,10.11,10.1,10.09,10.08,2394,2443,1600,1765,2300,10.13,10.14,10.15,10.16,10.17,1300,1300,2100,1900,1500,2019-10-02,35267.186
09:47:47.186000,10.12,10.11,10.1,10.09,10.08,994,2443,1600,1765,2300,10.13,10.14,10.15,10.16,10.17,1300,1300,2100,1900,1500,2019-10-02,35267.186
09:47:47.186000,10.12,10.11,10.1,10.09,10.08,900,2443,1600,1765,2300,10.13,10.14,10.15,10.16,10.17,1300,1300,2100,1900,1500,2019-10-02,35267.186
09:47:47.186000,10.12,10.11,10.1,10.09,10.08,800,2443,1600,1765,2300,10.13,10.14,10.15,10.16,10.17,1300,1300,2100,1900,1500,2019-10-02,35267.186
09:47:47.186000,10.12,10.11,10.1,10.09,10.08,300,2443,1600,1765,2300,10.13,10.14,10.15,10.16,10.17,1300,1300,2100,1900,1500,2019-10-02,35267.186
09:47:47.186000,10.11,10.1,10.09,10.08,10.07,2443,1600,1765,2300,2800,10.13,10.14,10.15,10.16,10.17,1300,1300,2100,1900,1500,2019-10-02,35267.186
09:48:02.215000,10.11,10.1,10.09,10.08,10.07,200,1600,1765,1600,2700,10.12,10.13,10.14,10.15,10.16,5994,1300,1500,2300,2100,2019-10-02,35282.215
09:48:02.215000,10.11,10.1,10.09,10.08,10.07,100,1600,1765,1600,2700,10.12,10.13,10.14,10.15,10.16,5994,1300,1500,2300,2100,2019-10-02,35282.215
09:48:02.215000,10.1,10.09,10.08,10.07,10.06,1600,1765,1600,2700,1600,10.12,10.13,10.14,10.15,10.16,5994,1300,1500,2300,2100,2019-10-02,35282.215
09:48:30.596000,10.1,10.09,10.08,10.07,10.06,1900,1765,1500,1800,1600,10.11,10.12,10.13,10.14,10.15,600,6670,1300,2300,2100,2019-10-02,35310.596
09:48:30.596000,10.1,10.09,10.08,10.07,10.06,1900,1765,1500,1800,1600,10.11,10.12,10.13,10.14,10.15,100,6670,1300,2300,2100,2019-10-02,35310.596
09:48:30.596000,10.1,10.09,10.08,10.07,10.06,1900,1765,1500,1800,1600,10.12,10.13,10.14,10.15,10.16,6670,1300,2300,2100,1900,2019-10-02,35310.596
09:48:34.366000,10.11,10.1,10.09,10.08,10.07,3877,1900,1765,1800,2700,10.12,10.13,10.14,10.15,10.16,800,1300,1300,2300,2000,2019-10-02,35314.366
09:48:34.367000,10.11,10.1,10.09,10.08,10.07,4577,1900,1765,1800,2700,10.12,10.13,10.14,10.15,10.16,799,1300,1300,2300,2000,2019-10-02,35314.367
09:48:34.368000,10.11,10.1,10.09,10.08,10.07,4957,1900,1765,1800,2700,10.12,10.13,10.14,10.15,10.16,99,1300,1300,2300,2000,2019-10-02,35314.368
09:48:34.368000,10.11,10.1,10.09,10.08,10.07,6357,1900,1765,1800,2700,10.13,10.14,10.15,10.16,10.17,1300,1300,2300,2000,1300,2019-10-02,35314.368
09:48:47.090000,10.12,10.11,10.1,10.09,10.08,1980,3277,1600,2465,3400,10.13,10.14,10.15,10.16,10.17,478,1300,1400,1900,1000,2019-10-02,35327.09
09:48:47.090000,10.12,10.11,10.1,10.09,10.08,3680,3277,1600,2465,3400,10.13,10.14,10.15,10.16,10.17,477,1300,1400,1900,1000,2019-10-02,35327.09
09:48:47.090000,10.12,10.11,10.1,10.09,10.08,3580,3277,1600,2465,3400,10.13,10.14,10.15,10.16,10.17,476,1300,1400,1900,1000,2019-10-02,35327.09
09:48:47.090000,10.12,10.11,10.1,10.09,10.08,3780,3277,1600,2465,3400,10.13,10.14,10.15,10.16,10.17,475,1300,1400,1900,1000,2019-10-02,35327.09
09:48:47.112000,10.12,10.11,10.1,10.09,10.08,2480,3277,1600,2465,3400,10.13,10.14,10.15,10.16,10.17,474,1300,1400,1900,1000,2019-10-02,35327.112
09:48:47.112000,10.12,10.11,10.1,10.09,10.08,2980,3277,1600,2465,3400,10.13,10.14,10.15,10.16,10.17,473,1300,1400,1900,1000,2019-10-02,35327.112
09:48:47.112000,10.12,10.11,10.1,10.09,10.08,2980,3277,1600,2465,3400,10.13,10.14,10.15,10.16,10.17,472,1300,1400,1900,1000,2019-10-02,35327.112
09:48:47.114000,10.12,10.11,10.1,10.09,10.08,3180,3277,1600,2465,3400,10.13,10.14,10.15,10.16,10.17,472,1300,1400,1900,1000,2019-10-02,35327.114
09:48:47.114000,10.12,10.11,10.1,10.09,10.08,3080,3277,1600,2465,3400,10.13,10.14,10.15,10.16,10.17,472,1300,1400,1900,1000,2019-10-02,35327.114
09:48:47.114000,10.12,10.11,10.1,10.09,10.08,2980,3277,1600,2465,3400,10.13,10.14,10.15,10.16,10.17,472,1300,1400,1900,1000,2019-10-02,35327.114
09:48:47.114000,10.12,10.11,10.1,10.09,10.08,2880,3277,1600,2465,3400,10.13,10.14,10.15,10.16,10.17,472,1300,1400,1900,1000,2019-10-02,35327.114
09:48:47.114000,10.12,10.11,10.1,10.09,10.08,2780,3277,1600,2465,3400,10.13,10.14,10.15,10.16,10.17,472,1300,1400,1900,1000,2019-10-02,35327.114
09:48:47.114000,10.12,10.11,10.1,10.09,10.08,2480,3277,1600,2465,3400,10.13,10.14,10.15,10.16,10.17,472,1300,1400,1900,1000,2019-10-02,35327.114
09:48:47.114000,10.12,10.11,10.1,10.09,10.08,2280,3277,1600,2465,3400,10.13,10.14,10.15,10.16,10.17,472,1300,1400,1900,1000,2019-10-02,35327.114
09:48:47.114000,10.12,10.11,10.1,10.09,10.08,2080,3277,1600,2465,3400,10.13,10.14,10.15,10.16,10.17,472,1300,1400,1900,1000,2019-10-02,35327.114
09:48:47.114000,10.12,10.11,10.1,10.09,10.08,1700,3277,1600,2465,3400,10.13,10.14,10.15,10.16,10.17,472,1300,1400,1900,1000,2019-10-02,35327.114
09:48:47.114000,10.12,10.11,10.1,10.09,10.08,1500,3277,1600,2465,3400,10.13,10.14,10.15,10.16,10.17,472,1300,1400,1900,1000,2019-10-02,35327.114
09:48:47.114000,10.12,10.11,10.1,10.09,10.08,1400,3277,1600,2465,3400,10.13,10.14,10.15,10.16,10.17,472,1300,1400,1900,1000,2019-10-02,35327.114
09:48:47.114000,10.12,10.11,10.1,10.09,10.08,1300,3277,1600,2465,3400,10.13,10.14,10.15,10.16,10.17,472,1300,1400,1900,1000,2019-10-02,35327.114
09:48:47.114000,10.12,10.11,10.1,10.09,10.08,800,3277,1600,2465,3400,10.13,10.14,10.15,10.16,10.17,472,1300,1400,1900,1000,2019-10-02,35327.114
09:48:47.114000,10.12,10.11,10.1,10.09,10.08,400,3277,1600,2465,3400,10.13,10.14,10.15,10.16,10.17,472,1300,1400,1900,1000,2019-10-02,35327.114
09:48:47.114000,10.11,10.1,10.09,10.08,10.07,3277,1600,2465,3400,2300,10.13,10.14,10.15,10.16,10.17,472,1300,1400,1900,1000,2019-10-02,35327.114
09:48:47.114000,10.12,10.11,10.1,10.09,10.08,100,3277,1600,2465,3400,10.13,10.14,10.15,10.16,10.17,4622,1300,1400,1900,1000,2019-10-02,35327.114
09:48:47.114000,10.11,10.1,10.09,10.08,10.07,3277,1600,2465,3400,2300,10.13,10.14,10.15,10.16,10.17,4622,1300,1400,1900,1000,2019-10-02,35327.114
09:48:47.114000,10.12,10.11,10.1,10.09,10.08,785,3277,1600,2465,3400,10.13,10.14,10.15,10.16,10.17,5664,1300,1400,1900,1000,2019-10-02,35327.114
09:48:47.114000,10.12,10.11,10.1,10.09,10.08,632,3277,1600,2465,3400,10.13,10.14,10.15,10.16,10.17,5664,1300,1400,1900,1000,2019-10-02,35327.114
09:48:47.114000,10.12,10.11,10.1,10.09,10.08,300,3277,1600,2465,3400,10.13,10.14,10.15,10.16,10.17,5664,1300,1400,1900,1000,2019-10-02,35327.114
09:48:47.114000,10.12,10.11,10.1,10.09,10.08,285,3277,1600,2465,3400,10.13,10.14,10.15,10.16,10.17,5664,1300,1400,1900,1000,2019-10-02,35327.114
09:48:47.114000,10.12,10.11,10.1,10.09,10.08,220,3277,1600,2465,3400,10.13,10.14,10.15,10.16,10.17,5764,1300,1400,1900,1000,2019-10-02,35327.114
09:48:47.114000,10.12,10.11,10.1,10.09,10.08,46,3277,1600,2465,3400,10.13,10.14,10.15,10.16,10.17,5664,1300,1400,1900,1000,2019-10-02,35327.114
09:48:47.114000,10.11,10.1,10.09,10.08,10.07,3277,1600,2465,3400,2300,10.13,10.14,10.15,10.16,10.17,5664,1300,1400,1900,1000,2019-10-02,35327.114
09:49:47.081000,10.11,10.1,10.09,10.08,10.07,400,2000,2165,3100,2000,10.12,10.13,10.14,10.15,10.16,2338,1500,1600,3000,2300,2019-10-02,35387.081
09:49:47.081000,10.11,10.1,10.09,10.08,10.07,300,2000,2165,3100,2000,10.12,10.13,10.14,10.15,10.16,2338,1500,1600,3000,2300,2019-10-02,35387.081
09:49:47.081000,10.11,10.1,10.09,10.08,10.07,200,2000,2165,3100,2000,10.12,10.13,10.14,10.15,10.16,2338,1500,1600,3000,2300,2019-10-02,35387.081
09:49:47.081000,10.11,10.1,10.09,10.08,10.07,100,2000,2165,3100,2000,10.12,10.13,10.14,10.15,10.16,2338,1500,1600,3000,2300,2019-10-02,35387.081
09:49:47.081000,10.1,10.09,10.08,10.07,10.06,2000,2165,3100,2000,1700,10.12,10.13,10.14,10.15,10.16,2338,1500,1600,3000,2300,2019-10-02,35387.081
09:49:47.083000,10.1,10.09,10.08,10.07,10.06,508,2165,3100,2000,2100,10.11,10.12,10.13,10.14,10.15,4472,2445,1600,2500,3000,2019-10-02,35387.083
09:50:06.416000,10.1,10.09,10.08,10.07,10.06,300,1765,1500,1400,2400,10.11,10.12,10.13,10.14,10.15,4963,2574,1800,3400,2900,2019-10-02,35406.416
09:50:06.416000,10.1,10.09,10.08,10.07,10.06,100,1765,1500,1400,2400,10.11,10.12,10.13,10.14,10.15,4963,2574,1800,3400,2900,2019-10-02,35406.416
09:50:06.416000,10.09,10.08,10.07,10.06,10.05,1765,1500,1400,2400,1800,10.11,10.12,10.13,10.14,10.15,4963,2574,1800,3400,2900,2019-10-02,35406.416
09:50:11.996000,10.09,10.08,10.07,10.06,10.05,1565,1500,1100,1600,1700,10.1,10.11,10.12,10.13,10.14,877,2700,2574,2600,3400,2019-10-02,35411.996
09:50:12.001000,10.09,10.08,10.07,10.06,10.05,1565,1500,1100,1600,1700,10.1,10.11,10.12,10.13,10.14,872,2700,2574,2600,3400,2019-10-02,35412.001
09:50:12.001000,10.09,10.08,10.07,10.06,10.05,1565,1500,1100,1600,1700,10.1,10.11,10.12,10.13,10.14,777,2700,2574,2600,3400,2019-10-02,35412.001
09:51:05.260000,10.09,10.08,10.07,10.06,10.05,1365,1500,800,2100,1700,10.1,10.11,10.12,10.13,10.14,572,3100,2574,3400,2500,2019-10-02,35465.26
09:51:05.260000,10.09,10.08,10.07,10.06,10.05,1365,1500,800,2100,1700,10.1,10.11,10.12,10.13,10.14,254,3100,2574,3400,2500,2019-10-02,35465.26
09:51:05.260000,10.09,10.08,10.07,10.06,10.05,2495,1500,800,2100,1700,10.11,10.12,10.13,10.14,10.15,3100,2574,3400,2500,2600,2019-10-02,35465.26
09:51:56.904000,10.1,10.09,10.08,10.07,10.06,500,2265,1500,1700,2400,10.11,10.12,10.13,10.14,10.15,2200,2674,1700,3200,2500,2019-10-02,35516.904
09:51:56.904000,10.1,10.09,10.08,10.07,10.06,400,2265,1500,1700,2400,10.11,10.12,10.13,10.14,10.15,2200,2674,1700,3200,2500,2019-10-02,35516.904
09:51:56.904000,10.1,10.09,10.08,10.07,10.06,300,2265,1500,1700,2400,10.11,10.12,10.13,10.14,10.15,2200,2674,1700,3200,2500,2019-10-02,35516.904
09:51:56.904000,10.09,10.08,10.07,10.06,10.05,2265,1500,1700,2400,1800,10.11,10.12,10.13,10.14,10.15,2200,2674,1700,3200,2500,2019-10-02,35516.904
09:54:09.237000,10.09,10.08,10.07,10.06,10.05,3200,1500,1000,1900,2100,10.1,10.11,10.12,10.13,10.14,500,2300,2774,3000,3400,2019-10-02,35649.237
09:54:09.237000,10.09,10.08,10.07,10.06,10.05,3200,1500,1000,1900,2100,10.1,10.11,10.12,10.13,10.14,400,2300,2774,3000,3400,2019-10-02,35649.237
09:54:09.237000,10.09,10.08,10.07,10.06,10.05,3200,1500,1000,1900,2100,10.1,10.11,10.12,10.13,10.14,300,2300,2774,3000,3400,2019-10-02,35649.237
09:54:09.237000,10.09,10.08,10.07,10.06,10.05,3200,1500,1000,1900,2100,10.1,10.11,10.12,10.13,10.14,200,2300,2774,3000,3400,2019-10-02,35649.237
09:54:09.237000,10.09,10.08,10.07,10.06,10.05,3200,1500,1000,1900,2100,10.1,10.11,10.12,10.13,10.14,100,2300,2774,3000,3400,2019-10-02,35649.237
09:54:09.237000,10.09,10.08,10.07,10.06,10.05,3200,1500,1000,1900,2100,10.11,10.12,10.13,10.14,10.15,2300,2774,3000,3400,2400,2019-10-02,35649.237
09:54:09.274000,10.09,10.08,10.07,10.06,10.05,4500,1500,1000,1900,2100,10.11,10.12,10.13,10.14,10.15,2200,2774,3000,3300,3000,2019-10-02,35649.274
09:55:00.025000,10.1,10.09,10.08,10.07,10.06,100,3500,1800,1400,3000,10.11,10.12,10.13,10.14,10.15,3561,2674,2900,3600,2400,2019-10-02,35700.025
09:55:00.025000,10.09,10.08,10.07,10.06,10.05,3500,1800,1400,3000,2100,10.11,10.12,10.13,10.14,10.15,3561,2674,2900,3600,2400,2019-10-02,35700.025
09:55:00.026000,10.09,10.08,10.07,10.06,10.05,2700,1800,1400,3000,2100,10.1,10.11,10.12,10.13,10.14,3300,3061,3574,2900,3600,2019-10-02,35700.026
09:55:00.026000,10.09,10.08,10.07,10.06,10.05,2700,1800,1400,3000,2100,10.1,10.11,10.12,10.13,10.14,3200,3061,3574,2900,3600,2019-10-02,35700.026
09:55:00.026000,10.09,10.08,10.07,10.06,10.05,2700,1800,1400,3000,2100,10.1,10.11,10.12,10.13,10.14,2500,3061,3574,2900,3600,2019-10-02,35700.026
09:55:00.026000,10.09,10.08,10.07,10.06,10.05,2700,1800,1400,3000,2100,10.1,10.11,10.12,10.13,10.14,2400,3061,3574,2900,3600,2019-10-02,35700.026
09:55:00.026000,10.09,10.08,10.07,10.06,10.05,2700,1800,1400,3000,2100,10.1,10.11,10.12,10.13,10.14,2300,3061,3574,2900,3600,2019-10-02,35700.026
09:55:00.026000,10.09,10.08,10.07,10.06,10.05,2700,1800,1400,3000,2100,10.1,10.11,10.12,10.13,10.14,2200,3061,3574,2900,3600,2019-10-02,35700.026
09:55:00.026000,10.09,10.08,10.07,10.06,10.05,2700,1800,1400,3000,2100,10.1,10.11,10.12,10.13,10.14,2100,3061,3574,2900,3600,2019-10-02,35700.026
09:55:00.026000,10.09,10.08,10.07,10.06,10.05,2700,1800,1400,3000,2100,10.1,10.11,10.12,10.13,10.14,2000,3061,3574,2900,3600,2019-10-02,35700.026
09:55:00.026000,10.09,10.08,10.07,10.06,10.05,2700,1800,1400,3000,2100,10.1,10.11,10.12,10.13,10.14,1900,3061,3574,2900,3600,2019-10-02,35700.026
09:55:00.026000,10.09,10.08,10.07,10.06,10.05,2700,1800,1400,3000,2100,10.1,10.11,10.12,10.13,10.14,1800,3061,3574,2900,3600,2019-10-02,35700.026
09:55:00.026000,10.09,10.08,10.07,10.06,10.05,2700,1800,1400,3000,2100,10.1,10.11,10.12,10.13,10.14,1700,3061,3574,2900,3600,2019-10-02,35700.026
09:55:00.026000,10.09,10.08,10.07,10.06,10.05,2700,1800,1400,3000,2100,10.1,10.11,10.12,10.13,10.14,1600,3061,3574,2900,3600,2019-10-02,35700.026
09:55:00.026000,10.09,10.08,10.07,10.06,10.05,2700,1800,1400,3000,2100,10.1,10.11,10.12,10.13,10.14,1000,3061,3574,2900,3600,2019-10-02,35700.026
09:55:00.026000,10.09,10.08,10.07,10.06,10.05,2700,1800,1400,3000,2100,10.1,10.11,10.12,10.13,10.14,700,3061,3574,2900,3600,2019-10-02,35700.026
09:55:00.026000,10.09,10.08,10.07,10.06,10.05,2700,1800,1400,3000,2100,10.1,10.11,10.12,10.13,10.14,600,3061,3574,2900,3600,2019-10-02,35700.026
09:55:00.026000,10.09,10.08,10.07,10.06,10.05,2700,1800,1400,3000,2100,10.1,10.11,10.12,10.13,10.14,500,3061,3574,2900,3600,2019-10-02,35700.026
09:55:00.026000,10.09,10.08,10.07,10.06,10.05,2700,1800,1400,3000,2100,10.1,10.11,10.12,10.13,10.14,400,3061,3574,2900,3600,2019-10-02,35700.026
09:55:00.026000,10.09,10.08,10.07,10.06,10.05,2700,1800,1400,3000,2100,10.1,10.11,10.12,10.13,10.14,300,3061,3574,2900,3600,2019-10-02,35700.026
09:55:00.026000,10.09,10.08,10.07,10.06,10.05,2700,1800,1400,3000,2100,10.11,10.12,10.13,10.14,10.15,3061,3574,2900,3600,2300,2019-10-02,35700.026
09:55:00.026000,10.09,10.08,10.07,10.06,10.05,4300,1800,1400,3000,2100,10.11,10.12,10.13,10.14,10.15,3061,3574,2900,3600,2200,2019-10-02,35700.026
09:55:00.026000,10.09,10.08,10.07,10.06,10.05,4200,1800,1400,3000,2100,10.11,10.12,10.13,10.14,10.15,3061,3574,2900,3600,2200,2019-10-02,35700.026
09:55:00.026000,10.09,10.08,10.07,10.06,10.05,4100,1800,1400,3000,2100,10.11,10.12,10.13,10.14,10.15,3061,3574,2900,3600,2200,2019-10-02,35700.026
09:55:00.026000,10.09,10.08,10.07,10.06,10.05,4000,1800,1400,3000,2100,10.11,10.12,10.13,10.14,10.15,3061,3574,2900,3600,2200,2019-10-02,35700.026
09:55:00.026000,10.09,10.08,10.07,10.06,10.05,4500,1800,1400,3000,2100,10.11,10.12,10.13,10.14,10.15,2900,3574,2900,3600,2200,2019-10-02,35700.026
09:55:00.026000,10.09,10.08,10.07,10.06,10.05,4700,1800,1400,3000,2100,10.11,10.12,10.13,10.14,10.15,2900,3574,2900,3600,2200,2019-10-02,35700.026
09:55:00.863000,10.1,10.09,10.08,10.07,10.06,3806,3800,1800,1500,3000,10.11,10.12,10.13,10.14,10.15,600,2474,2800,3600,2300,2019-10-02,35700.863
09:55:00.863000,10.1,10.09,10.08,10.07,10.06,3806,3800,1800,1500,3000,10.11,10.12,10.13,10.14,10.15,500,2474,2800,3600,2300,2019-10-02,35700.863
09:55:00.863000,10.1,10.09,10.08,10.07,10.06,3806,3800,1800,1500,3000,10.11,10.12,10.13,10.14,10.15,400,2474,2800,3600,2300,2019-10-02,35700.863
09:55:00.863000,10.1,10.09,10.08,10.07,10.06,3806,3800,1800,1500,3000,10.11,10.12,10.13,10.14,10.15,100,2474,2800,3600,2300,2019-10-02,35700.863
09:55:00.863000,10.1,10.09,10.08,10.07,10.06,3806,3800,1800,1500,3000,10.12,10.13,10.14,10.15,10.16,2474,2800,3600,2300,1700,2019-10-02,35700.863
09:55:12.569000,10.11,10.1,10.09,10.08,10.07,2575,2606,3200,2400,3300,10.12,10.13,10.14,10.15,10.16,1300,1800,2600,2300,2200,2019-10-02,35712.569
09:55:12.569000,10.11,10.1,10.09,10.08,10.07,2575,2606,3200,2400,3300,10.12,10.13,10.14,10.15,10.16,1200,1800,2600,2300,2200,2019-10-02,35712.569
09:55:12.569000,10.11,10.1,10.09,10.08,10.07,2575,2606,3200,2400,3300,10.12,10.13,10.14,10.15,10.16,1100,1800,2600,2300,2200,2019-10-02,35712.569
09:55:12.569000,10.11,10.1,10.09,10.08,10.07,2575,2606,3200,2400,3300,10.12,10.13,10.14,10.15,10.16,700,1800,2600,2300,2200,2019-10-02,35712.569
09:55:12.569000,10.11,10.1,10.09,10.08,10.07,2575,2606,3200,2400,3300,10.12,10.13,10.14,10.15,10.16,600,1800,2600,2300,2200,2019-10-02,35712.569
09:55:12.569000,10.11,10.1,10.09,10.08,10.07,2575,2606,3200,2400,3300,10.13,10.14,10.15,10.16,10.17,1800,2600,2300,2200,1400,2019-10-02,35712.569
09:55:12.595000,10.12,10.11,10.1,10.09,10.08,2806,3036,2006,3200,3300,10.13,10.14,10.15,10.16,10.17,1700,2600,2300,2100,1500,2019-10-02,35712.595
09:55:12.595000,10.12,10.11,10.1,10.09,10.08,2700,3036,2006,3200,3300,10.13,10.14,10.15,10.16,10.17,3400,2600,2300,2100,1500,2019-10-02,35712.595
09:55:12.595000,10.12,10.11,10.1,10.09,10.08,2200,3036,2006,3200,3300,10.13,10.14,10.15,10.16,10.17,3400,2600,2300,2100,1500,2019-10-02,35712.595
09:55:12.595000,10.12,10.11,10.1,10.09,10.08,2100,3036,2006,3200,3300,10.13,10.14,10.15,10.16,10.17,3400,2600,2300,2100,1500,2019-10-02,35712.595
09:55:12.595000,10.12,10.11,10.1,10.09,10.08,2000,3036,2006,3200,3300,10.13,10.14,10.15,10.16,10.17,3400,2600,2300,2100,1500,2019-10-02,35712.595
09:55:12.595000,10.12,10.11,10.1,10.09,10.08,1900,3036,2006,3200,3300,10.13,10.14,10.15,10.16,10.17,3400,2600,2300,2100,1500,2019-10-02,35712.595
09:55:12.595000,10.12,10.11,10.1,10.09,10.08,1800,3036,2006,3200,3300,10.13,10.14,10.15,10.16,10.17,3400,2600,2300,2100,1500,2019-10-02,35712.595
09:55:12.595000,10.12,10.11,10.1,10.09,10.08,1700,3036,2006,3200,3300,10.13,10.14,10.15,10.16,10.17,3400,2600,2300,2100,1500,2019-10-02,35712.595
09:55:12.595000,10.12,10.11,10.1,10.09,10.08,1600,3036,2006,3200,3300,10.13,10.14,10.15,10.16,10.17,3400,2600,2300,2100,1500,2019-10-02,35712.595
09:55:12.595000,10.12,10.11,10.1,10.09,10.08,1500,3036,2006,3200,3300,10.13,10.14,10.15,10.16,10.17,3400,2600,2300,2100,1500,2019-10-02,35712.595
09:55:12.595000,10.12,10.11,10.1,10.09,10.08,1400,3036,2006,3200,3300,10.13,10.14,10.15,10.16,10.17,3400,2600,2300,2100,1500,2019-10-02,35712.595
09:55:12.595000,10.12,10.11,10.1,10.09,10.08,1309,3036,2006,3200,3300,10.13,10.14,10.15,10.16,10.17,3400,2600,2300,2100,1500,2019-10-02,35712.595
09:55:12.595000,10.12,10.11,10.1,10.09,10.08,1300,3036,2006,3200,3300,10.13,10.14,10.15,10.16,10.17,3200,2600,2300,2100,1500,2019-10-02,35712.595
09:55:12.595000,10.12,10.11,10.1,10.09,10.08,700,3036,2006,3200,3300,10.13,10.14,10.15,10.16,10.17,3200,2600,2300,2100,1500,2019-10-02,35712.595
09:55:12.595000,10.12,10.11,10.1,10.09,10.08,600,3036,2006,3200,3300,10.13,10.14,10.15,10.16,10.17,3200,2600,2300,2100,1500,2019-10-02,35712.595
09:55:12.595000,10.12,10.11,10.1,10.09,10.08,300,3036,2006,3200,3300,10.13,10.14,10.15,10.16,10.17,3200,2600,2300,2100,1500,2019-10-02,35712.595
09:55:12.595000,10.11,10.1,10.09,10.08,10.07,3036,2006,3200,3300,3300,10.13,10.14,10.15,10.16,10.17,3200,2600,2300,2100,1500,2019-10-02,35712.595
09:55:26.069000,10.11,10.1,10.09,10.08,10.07,1775,2306,3400,2400,3300,10.12,10.13,10.14,10.15,10.16,2400,1200,2600,2500,2100,2019-10-02,35726.069
09:55:26.069000,10.11,10.1,10.09,10.08,10.07,1775,2306,3400,2400,3300,10.12,10.13,10.14,10.15,10.16,2300,1200,2600,2500,2100,2019-10-02,35726.069
09:55:26.069000,10.11,10.1,10.09,10.08,10.07,1775,2306,3400,2400,3300,10.12,10.13,10.14,10.15,10.16,1300,1200,2600,2500,2100,2019-10-02,35726.069
09:55:26.069000,10.11,10.1,10.09,10.08,10.07,1775,2306,3400,2400,3300,10.12,10.13,10.14,10.15,10.16,1200,1200,2600,2500,2100,2019-10-02,35726.069
09:55:26.069000,10.11,10.1,10.09,10.08,10.07,1775,2306,3400,2400,3300,10.12,10.13,10.14,10.15,10.16,700,1200,2600,2500,2100,2019-10-02,35726.069
09:55:26.069000,10.11,10.1,10.09,10.08,10.07,1775,2306,3400,2400,3300,10.12,10.13,10.14,10.15,10.16,400,1200,2600,2500,2100,2019-10-02,35726.069
09:55:26.069000,10.11,10.1,10.09,10.08,10.07,1775,2306,3400,2400,3300,10.12,10.13,10.14,10.15,10.16,100,1200,2600,2500,2100,2019-10-02,35726.069
09:55:26.069000,10.11,10.1,10.09,10.08,10.07,1775,2306,3400,2400,3300,10.13,10.14,10.15,10.16,10.17,1200,2600,2500,2100,1800,2019-10-02,35726.069
09:55:26.069000,10.11,10.1,10.09,10.08,10.07,3925,2306,3400,2400,3300,10.13,10.14,10.15,10.16,10.17,1100,2600,2500,2100,1800,2019-10-02,35726.069
09:55:26.069000,10.11,10.1,10.09,10.08,10.07,3825,2306,3400,2400,3300,10.13,10.14,10.15,10.16,10.17,1100,2600,2500,2100,1800,2019-10-02,35726.069
09:55:26.069000,10.11,10.1,10.09,10.08,10.07,3725,2306,3400,2400,3300,10.13,10.14,10.15,10.16,10.17,1100,2600,2500,2100,1800,2019-10-02,35726.069
09:55:26.069000,10.11,10.1,10.09,10.08,10.07,3425,2306,3400,2400,3300,10.13,10.14,10.15,10.16,10.17,1100,2600,2500,2100,1800,2019-10-02,35726.069
09:55:35.580000,10.12,10.11,10.1,10.09,10.08,800,2100,2606,3600,3200,10.13,10.14,10.15,10.16,10.17,2300,1700,2900,2700,2400,2019-10-02,35735.58
09:55:35.580000,10.12,10.11,10.1,10.09,10.08,700,2100,2606,3600,3200,10.13,10.14,10.15,10.16,10.17,2300,1700,2900,2700,2400,2019-10-02,35735.58
09:55:35.580000,10.12,10.11,10.1,10.09,10.08,600,2100,2606,3600,3200,10.13,10.14,10.15,10.16,10.17,2300,1700,2900,2700,2400,2019-10-02,35735.58
09:55:35.580000,10.12,10.11,10.1,10.09,10.08,500,2100,2606,3600,3200,10.13,10.14,10.15,10.16,10.17,2300,1700,2900,2700,2400,2019-10-02,35735.58
09:55:35.580000,10.12,10.11,10.1,10.09,10.08,400,2100,2606,3600,3200,10.13,10.14,10.15,10.16,10.17,2300,1700,2900,2700,2400,2019-10-02,35735.58
09:55:35.580000,10.12,10.11,10.1,10.09,10.08,300,2100,2606,3600,3200,10.13,10.14,10.15,10.16,10.17,2300,1700,2900,2700,2400,2019-10-02,35735.58
09:55:35.580000,10.12,10.11,10.1,10.09,10.08,200,2100,2606,3600,3200,10.13,10.14,10.15,10.16,10.17,2300,1700,2900,2700,2400,2019-10-02,35735.58
09:55:35.580000,10.12,10.11,10.1,10.09,10.08,100,2100,2606,3600,3200,10.13,10.14,10.15,10.16,10.17,2300,1700,2900,2700,2400,2019-10-02,35735.58
09:55:35.580000,10.11,10.1,10.09,10.08,10.07,2100,2606,3600,3200,3200,10.13,10.14,10.15,10.16,10.17,2300,1700,2900,2700,2400,2019-10-02,35735.58
09:55:46.851000,10.11,10.1,10.09,10.08,10.07,700,2606,3500,2300,3200,10.12,10.13,10.14,10.15,10.16,3400,2100,2700,3500,2700,2019-10-02,35746.851
09:55:46.851000,10.11,10.1,10.09,10.08,10.07,600,2606,3500,2300,3200,10.12,10.13,10.14,10.15,10.16,3400,2100,2700,3500,2700,2019-10-02,35746.851
09:55:46.851000,10.11,10.1,10.09,10.08,10.07,500,2606,3500,2300,3200,10.12,10.13,10.14,10.15,10.16,3400,2100,2700,3500,2700,2019-10-02,35746.851
09:55:46.851000,10.11,10.1,10.09,10.08,10.07,400,2606,3500,2300,3200,10.12,10.13,10.14,10.15,10.16,3400,2100,2700,3500,2700,2019-10-02,35746.851
09:55:46.851000,10.11,10.1,10.09,10.08,10.07,300,2606,3500,2300,3200,10.12,10.13,10.14,10.15,10.16,3400,2100,2700,3500,2700,2019-10-02,35746.851
09:55:46.851000,10.11,10.1,10.09,10.08,10.07,200,2606,3500,2300,3200,10.12,10.13,10.14,10.15,10.16,3400,2100,2700,3500,2700,2019-10-02,35746.851
09:55:46.851000,10.11,10.1,10.09,10.08,10.07,100,2606,3500,2300,3200,10.12,10.13,10.14,10.15,10.16,3400,2100,2700,3500,2700,2019-10-02,35746.851
09:55:46.851000,10.11,10.1,10.09,10.08,10.07,53,2606,3500,2300,3200,10.12,10.13,10.14,10.15,10.16,3400,2100,2700,3500,2700,2019-10-02,35746.851
09:56:18.752000,10.1,10.09,10.08,10.07,10.06,400,3000,1800,2600,2400,10.11,10.12,10.13,10.14,10.15,3400,4100,2300,3100,3200,2019-10-02,35778.752
09:56:18.752000,10.1,10.09,10.08,10.07,10.06,300,3000,1800,2600,2400,10.11,10.12,10.13,10.14,10.15,3400,4100,2300,3100,3200,2019-10-02,35778.752
09:56:18.752000,10.1,10.09,10.08,10.07,10.06,200,3000,1800,2600,2400,10.11,10.12,10.13,10.14,10.15,3400,4100,2300,3100,3200,2019-10-02,35778.752
09:56:18.752000,10.1,10.09,10.08,10.07,10.06,100,3000,1800,2600,2400,10.11,10.12,10.13,10.14,10.15,3400,4100,2300,3100,3200,2019-10-02,35778.752
09:56:18.752000,10.09,10.08,10.07,10.06,10.05,3000,1800,2600,2400,1800,10.11,10.12,10.13,10.14,10.15,3400,4100,2300,3100,3200,2019-10-02,35778.752
09:56:47.862000,10.09,10.08,10.07,10.06,10.05,3400,1900,1600,3400,1900,10.1,10.11,10.12,10.13,10.14,100,3600,3200,2900,3300,2019-10-02,35807.862
09:56:47.862000,10.09,10.08,10.07,10.06,10.05,3400,1900,1600,3400,1900,10.11,10.12,10.13,10.14,10.15,3600,3200,2900,3300,2400,2019-10-02,35807.862
09:56:47.891000,10.1,10.09,10.08,10.07,10.06,100,3500,1900,2500,3400,10.11,10.12,10.13,10.14,10.15,5833,3200,2900,3300,2800,2019-10-02,35807.891
09:56:47.891000,10.09,10.08,10.07,10.06,10.05,3500,1900,2500,3400,2400,10.11,10.12,10.13,10.14,10.15,5833,3200,2900,3300,2800,2019-10-02,35807.891
09:57:42.026000,10.09,10.08,10.07,10.06,10.05,2300,1800,1500,3400,2400,10.1,10.11,10.12,10.13,10.14,100,3600,3500,3300,3200,2019-10-02,35862.026
09:57:42.026000,10.09,10.08,10.07,10.06,10.05,2300,1800,1500,3400,2400,10.11,10.12,10.13,10.14,10.15,3600,3500,3300,3200,2400,2019-10-02,35862.026
09:57:42.028000,10.1,10.09,10.08,10.07,10.06,1300,2400,1900,2400,3400,10.11,10.12,10.13,10.14,10.15,4857,3500,3300,3200,2900,2019-10-02,35862.028
09:57:42.028000,10.1,10.09,10.08,10.07,10.06,1200,2400,1900,2400,3400,10.11,10.12,10.13,10.14,10.15,4857,3500,3300,3200,2900,2019-10-02,35862.028
09:57:42.028000,10.1,10.09,10.08,10.07,10.06,1100,2400,1900,2400,3400,10.11,10.12,10.13,10.14,10.15,4857,3500,3300,3200,2900,2019-10-02,35862.028
09:57:42.028000,10.1,10.09,10.08,10.07,10.06,1000,2400,1900,2400,3400,10.11,10.12,10.13,10.14,10.15,4857,3500,3300,3200,2900,2019-10-02,35862.028
09:57:42.028000,10.1,10.09,10.08,10.07,10.06,900,2400,1900,2400,3400,10.11,10.12,10.13,10.14,10.15,4857,3500,3300,3200,2900,2019-10-02,35862.028
09:57:42.028000,10.1,10.09,10.08,10.07,10.06,300,2400,1900,2400,3400,10.11,10.12,10.13,10.14,10.15,4857,3500,3300,3200,2900,2019-10-02,35862.028
09:57:42.028000,10.1,10.09,10.08,10.07,10.06,200,2400,1900,2400,3400,10.11,10.12,10.13,10.14,10.15,4857,3500,3300,3200,2900,2019-10-02,35862.028
09:57:42.028000,10.1,10.09,10.08,10.07,10.06,100,2400,1900,2400,3400,10.11,10.12,10.13,10.14,10.15,4857,3500,3300,3200,2900,2019-10-02,35862.028
09:57:42.028000,10.09,10.08,10.07,10.06,10.05,2400,1900,2400,3400,2400,10.11,10.12,10.13,10.14,10.15,4857,3500,3300,3200,2900,2019-10-02,35862.028
09:57:55.541000,10.09,10.08,10.07,10.06,10.05,2300,1800,1600,3400,2400,10.1,10.11,10.12,10.13,10.14,600,3600,3500,3200,3300,2019-10-02,35875.541
09:57:55.541000,10.09,10.08,10.07,10.06,10.05,2300,1800,1600,3400,2400,10.1,10.11,10.12,10.13,10.14,500,3600,3500,3200,3300,2019-10-02,35875.541
09:57:55.541000,10.09,10.08,10.07,10.06,10.05,2300,1800,1600,3400,2400,10.1,10.11,10.12,10.13,10.14,470,3600,3500,3200,3300,2019-10-02,35875.541
09:57:55.541000,10.09,10.08,10.07,10.06,10.05,3400,1800,1600,3400,2400,10.1,10.11,10.12,10.13,10.14,100,3600,3500,3200,3300,2019-10-02,35875.541
09:57:55.541000,10.09,10.08,10.07,10.06,10.05,3400,1800,1600,3400,2400,10.11,10.12,10.13,10.14,10.15,3600,3500,3200,3300,2400,2019-10-02,35875.541
09:57:55.542000,10.1,10.09,10.08,10.07,10.06,1100,3300,1800,2500,3400,10.11,10.12,10.13,10.14,10.15,3200,3500,3200,3300,2900,2019-10-02,35875.542
09:57:55.542000,10.1,10.09,10.08,10.07,10.06,300,3300,1800,2500,3400,10.11,10.12,10.13,10.14,10.15,3200,3500,3200,3300,2900,2019-10-02,35875.542
09:57:55.542000,10.1,10.09,10.08,10.07,10.06,200,3300,1800,2500,3400,10.11,10.12,10.13,10.14,10.15,3200,3500,3200,3300,2900,2019-10-02,35875.542
09:57:55.542000,10.1,10.09,10.08,10.07,10.06,100,3300,1800,2500,3400,10.11,10.12,10.13,10.14,10.15,3200,3500,3200,3300,2900,2019-10-02,35875.542
09:57:55.542000,10.09,10.08,10.07,10.06,10.05,3300,1800,2500,3400,2400,10.11,10.12,10.13,10.14,10.15,3200,3500,3200,3300,2900,2019-10-02,35875.542
09:58:14.224000,10.09,10.08,10.07,10.06,10.05,1050,1800,1400,3200,2300,10.1,10.11,10.12,10.13,10.14,3040,3900,3600,3400,3300,2019-10-02,35894.224
09:58:23.736000,10.08,10.07,10.06,10.05,10.04,1800,1400,3200,2300,1400,10.1,10.11,10.12,10.13,10.14,5040,3900,3600,3400,3300,2019-10-02,35903.736
09:58:54.380000,10.08,10.07,10.06,10.05,10.04,1533,1400,700,3200,1600,10.09,10.1,10.11,10.12,10.13,1700,4187,2900,4500,3900,2019-10-02,35934.38
09:58:55.901000,10.08,10.07,10.06,10.05,10.04,300,1400,600,3200,1600,10.09,10.1,10.11,10.12,10.13,1900,4287,3000,4500,3800,2019-10-02,35935.901
09:58:55.901000,10.08,10.07,10.06,10.05,10.04,200,1400,600,3200,1600,10.09,10.1,10.11,10.12,10.13,1900,4287,3000,4500,3800,2019-10-02,35935.901
09:58:55.901000,10.08,10.07,10.06,10.05,10.04,100,1400,600,3200,1600,10.09,10.1,10.11,10.12,10.13,1900,4287,3000,4500,3800,2019-10-02,35935.901
09:58:55.901000,10.07,10.06,10.05,10.04,10.03,1400,600,3200,1600,1800,10.09,10.1,10.11,10.12,10.13,1900,4287,3000,4500,3800,2019-10-02,35935.901
09:59:03.014000,10.07,10.06,10.05,10.04,10.03,1400,700,2300,2800,1900,10.08,10.09,10.1,10.11,10.12,700,1400,3047,3800,5200,2019-10-02,35943.014
09:59:03.014000,10.07,10.06,10.05,10.04,10.03,1400,700,2300,2800,1900,10.08,10.09,10.1,10.11,10.12,600,1400,3047,3800,5200,2019-10-02,35943.014
09:59:03.014000,10.07,10.06,10.05,10.04,10.03,1400,700,2300,2800,1900,10.08,10.09,10.1,10.11,10.12,300,1400,3047,3800,5200,2019-10-02,35943.014
09:59:03.014000,10.07,10.06,10.05,10.04,10.03,1400,700,2300,2800,1900,10.08,10.09,10.1,10.11,10.12,200,1400,3047,3800,5200,2019-10-02,35943.014
09:59:03.014000,10.07,10.06,10.05,10.04,10.03,1400,700,2300,2800,1900,10.09,10.1,10.11,10.12,10.13,1400,3047,3800,5200,3000,2019-10-02,35943.014
09:59:11.843000,10.08,10.07,10.06,10.05,10.04,2500,1700,800,3200,3500,10.09,10.1,10.11,10.12,10.13,500,2947,2900,5200,3100,2019-10-02,35951.843
09:59:11.843000,10.08,10.07,10.06,10.05,10.04,2500,1700,800,3200,3500,10.09,10.1,10.11,10.12,10.13,400,2947,2900,5200,3100,2019-10-02,35951.843
09:59:11.843000,10.08,10.07,10.06,10.05,10.04,2500,1700,800,3200,3500,10.09,10.1,10.11,10.12,10.13,300,2947,2900,5200,3100,2019-10-02,35951.843
09:59:11.843000,10.08,10.07,10.06,10.05,10.04,2500,1700,800,3200,3500,10.09,10.1,10.11,10.12,10.13,264,2947,2900,5200,3100,2019-10-02,35951.843
09:59:11.843000,10.08,10.07,10.06,10.05,10.04,5569,1700,800,3200,3500,10.1,10.11,10.12,10.13,10.14,2847,2900,5200,3100,2500,2019-10-02,35951.843
09:59:20.423000,10.09,10.08,10.07,10.06,10.05,2100,3200,1800,2800,4100,10.1,10.11,10.12,10.13,10.14,400,2800,3300,3100,3300,2019-10-02,35960.423
09:59:20.423000,10.09,10.08,10.07,10.06,10.05,2100,3200,1800,2800,4100,10.1,10.11,10.12,10.13,10.14,300,2800,3300,3100,3300,2019-10-02,35960.423
09:59:20.423000,10.09,10.08,10.07,10.06,10.05,2100,3200,1800,2800,4100,10.1,10.11,10.12,10.13,10.14,244,2800,3300,3100,3300,2019-10-02,35960.423
09:59:20.423000,10.09,10.08,10.07,10.06,10.05,2100,3200,1800,2800,4100,10.1,10.11,10.12,10.13,10.14,200,2800,3300,3100,3300,2019-10-02,35960.423
09:59:20.423000,10.09,10.08,10.07,10.06,10.05,2100,3200,1800,2800,4100,10.1,10.11,10.12,10.13,10.14,100,2800,3300,3100,3300,2019-10-02,35960.423
09:59:20.423000,10.09,10.08,10.07,10.06,10.05,2100,3200,1800,2800,4100,10.11,10.12,10.13,10.14,10.15,2800,3300,3100,3300,1400,2019-10-02,35960.423
09:59:20.425000,10.1,10.09,10.08,10.07,10.06,900,2600,2700,2700,2800,10.11,10.12,10.13,10.14,10.15,5867,3300,3100,3200,2000,2019-10-02,35960.425
09:59:20.425000,10.1,10.09,10.08,10.07,10.06,800,2600,2700,2700,2800,10.11,10.12,10.13,10.14,10.15,5867,3300,3100,3200,2000,2019-10-02,35960.425
09:59:20.425000,10.1,10.09,10.08,10.07,10.06,700,2600,2700,2700,2800,10.11,10.12,10.13,10.14,10.15,5867,3300,3100,3200,2000,2019-10-02,35960.425
09:59:20.425000,10.1,10.09,10.08,10.07,10.06,600,2600,2700,2700,2800,10.11,10.12,10.13,10.14,10.15,5867,3300,3100,3200,2000,2019-10-02,35960.425
09:59:20.425000,10.1,10.09,10.08,10.07,10.06,500,2600,2700,2700,2800,10.11,10.12,10.13,10.14,10.15,5867,3300,3100,3200,2000,2019-10-02,35960.425
09:59:20.425000,10.1,10.09,10.08,10.07,10.06,400,2600,2700,2700,2800,10.11,10.12,10.13,10.14,10.15,5867,3300,3100,3200,2000,2019-10-02,35960.425
09:59:20.425000,10.1,10.09,10.08,10.07,10.06,300,2600,2700,2700,2800,10.11,10.12,10.13,10.14,10.15,5867,3300,3100,3200,2000,2019-10-02,35960.425
09:59:20.425000,10.1,10.09,10.08,10.07,10.06,100,2600,2700,2700,2800,10.11,10.12,10.13,10.14,10.15,5867,3300,3100,3200,2000,2019-10-02,35960.425
09:59:20.425000,10.09,10.08,10.07,10.06,10.05,2600,2700,2700,2800,4100,10.11,10.12,10.13,10.14,10.15,5867,3300,3100,3200,2000,2019-10-02,35960.425
09:59:20.426000,10.09,10.08,10.07,10.06,10.05,2400,2700,2700,2800,4100,10.11,10.12,10.13,10.14,10.15,6667,3300,3100,3200,2000,2019-10-02,35960.426
09:59:20.426000,10.09,10.08,10.07,10.06,10.05,2300,2700,2700,2800,4100,10.11,10.12,10.13,10.14,10.15,6667,3300,3100,3200,2000,2019-10-02,35960.426
09:59:20.426000,10.09,10.08,10.07,10.06,10.05,2200,2700,2700,2800,4100,10.11,10.12,10.13,10.14,10.15,6667,3300,3100,3200,2000,2019-10-02,35960.426
09:59:59.205000,10.09,10.08,10.07,10.06,10.05,2290,2900,1800,3100,3200,10.1,10.11,10.12,10.13,10.14,1000,2600,3300,3200,3300,2019-10-02,35999.205
09:59:59.205000,10.09,10.08,10.07,10.06,10.05,2290,2900,1800,3100,3200,10.1,10.11,10.12,10.13,10.14,900,2600,3300,3200,3300,2019-10-02,35999.205
09:59:59.205000,10.09,10.08,10.07,10.06,10.05,2290,2900,1800,3100,3200,10.1,10.11,10.12,10.13,10.14,800,2600,3300,3200,3300,2019-10-02,35999.205
09:59:59.205000,10.09,10.08,10.07,10.06,10.05,2290,2900,1800,3100,3200,10.1,10.11,10.12,10.13,10.14,700,2600,3300,3200,3300,2019-10-02,35999.205
09:59:59.205000,10.09,10.08,10.07,10.06,10.05,2290,2900,1800,3100,3200,10.11,10.12,10.13,10.14,10.15,2600,3300,3200,3300,1500,2019-10-02,35999.205
09:59:59.206000,10.1,10.09,10.08,10.07,10.06,4357,2690,2900,2700,3100,10.11,10.12,10.13,10.14,10.15,9300,3300,3200,3200,2000,2019-10-02,35999.206
09:59:59.206000,10.1,10.09,10.08,10.07,10.06,4257,2690,2900,2700,3100,10.11,10.12,10.13,10.14,10.15,9300,3300,3200,3200,2000,2019-10-02,35999.206
09:59:59.206000,10.1,10.09,10.08,10.07,10.06,3557,2690,2900,2700,3100,10.11,10.12,10.13,10.14,10.15,9300,3300,3200,3200,2000,2019-10-02,35999.206
09:59:59.206000,10.1,10.09,10.08,10.07,10.06,3457,2690,2900,2700,3100,10.11,10.12,10.13,10.14,10.15,9300,3300,3200,3200,2000,2019-10-02,35999.206
09:59:59.206000,10.1,10.09,10.08,10.07,10.06,3357,2690,2900,2700,3100,10.11,10.12,10.13,10.14,10.15,9300,3300,3200,3200,2000,2019-10-02,35999.206
09:59:59.206000,10.1,10.09,10.08,10.07,10.06,2557,2690,2900,2700,3100,10.11,10.12,10.13,10.14,10.15,9300,3300,3200,3200,2000,2019-10-02,35999.206
09:59:59.206000,10.1,10.09,10.08,10.07,10.06,2457,2690,2900,2700,3100,10.11,10.12,10.13,10.14,10.15,9300,3300,3200,3200,2000,2019-10-02,35999.206
09:59:59.206000,10.1,10.09,10.08,10.07,10.06,2357,2690,2900,2700,3100,10.11,10.12,10.13,10.14,10.15,9300,3300,3200,3200,2000,2019-10-02,35999.206
09:59:59.206000,10.1,10.09,10.08,10.07,10.06,2257,2690,2900,2700,3100,10.11,10.12,10.13,10.14,10.15,9300,3300,3200,3200,2000,2019-10-02,35999.206
09:59:59.206000,10.1,10.09,10.08,10.07,10.06,1400,2690,2900,2700,3100,10.11,10.12,10.13,10.14,10.15,9300,3300,3200,3200,2000,2019-10-02,35999.206
09:59:59.206000,10.1,10.09,10.08,10.07,10.06,1100,2690,2900,2700,3100,10.11,10.12,10.13,10.14,10.15,9300,3300,3200,3200,2000,2019-10-02,35999.206
09:59:59.206000,10.1,10.09,10.08,10.07,10.06,1000,2690,2900,2700,3100,10.11,10.12,10.13,10.14,10.15,9300,3300,3200,3200,2000,2019-10-02,35999.206
09:59:59.206000,10.1,10.09,10.08,10.07,10.06,700,2690,2900,2700,3100,10.11,10.12,10.13,10.14,10.15,9300,3300,3200,3200,2000,2019-10-02,35999.206
09:59:59.206000,10.1,10.09,10.08,10.07,10.06,500,2690,2900,2700,3100,10.11,10.12,10.13,10.14,10.15,9300,3300,3200,3200,2000,2019-10-02,35999.206
09:59:59.206000,10.1,10.09,10.08,10.07,10.06,369,2690,2900,2700,3100,10.11,10.12,10.13,10.14,10.15,3700,3300,3200,3200,2000,2019-10-02,35999.206
09:59:59.206000,10.1,10.09,10.08,10.07,10.06,200,2690,2900,2700,3100,10.11,10.12,10.13,10.14,10.15,3600,3300,3200,3200,2000,2019-10-02,35999.206
09:59:59.206000,10.09,10.08,10.07,10.06,10.05,2690,2900,2700,3100,3200,10.11,10.12,10.13,10.14,10.15,3600,3300,3200,3200,2000,2019-10-02,35999.206
09:59:59.207000,10.09,10.08,10.07,10.06,10.05,2590,2900,2700,3100,3200,10.1,10.11,10.12,10.13,10.14,2800,3200,3300,3200,3200,2019-10-02,35999.207
09:59:59.207000,10.09,10.08,10.07,10.06,10.05,2590,2900,2700,3100,3200,10.1,10.11,10.12,10.13,10.14,2700,3200,3300,3200,3200,2019-10-02,35999.207
09:59:59.207000,10.09,10.08,10.07,10.06,10.05,2590,2900,2700,3100,3200,10.1,10.11,10.12,10.13,10.14,2600,3200,3300,3200,3200,2019-10-02,35999.207
09:59:59.207000,10.09,10.08,10.07,10.06,10.05,2590,2900,2700,3100,3200,10.1,10.11,10.12,10.13,10.14,2500,3200,3300,3200,3200,2019-10-02,35999.207
09:59:59.207000,10.09,10.08,10.07,10.06,10.05,2590,2900,2700,3100,3200,10.1,10.11,10.12,10.13,10.14,2400,3200,3300,3200,3200,2019-10-02,35999.207
09:59:59.207000,10.09,10.08,10.07,10.06,10.05,2590,2900,2700,3100,3200,10.1,10.11,10.12,10.13,10.14,2300,3200,3300,3200,3200,2019-10-02,35999.207
09:59:59.207000,10.09,10.08,10.07,10.06,10.05,3990,2900,2700,3100,3200,10.1,10.11,10.12,10.13,10.14,1888,3200,3300,3200,3200,2019-10-02,35999.207
09:59:59.207000,10.09,10.08,10.07,10.06,10.05,3990,2900,2700,3100,3200,10.1,10.11,10.12,10.13,10.14,1688,3200,3300,3200,3200,2019-10-02,35999.207
09:59:59.207000,10.09,10.08,10.07,10.06,10.05,3990,2900,2700,3100,3200,10.1,10.11,10.12,10.13,10.14,888,3200,3300,3200,3200,2019-10-02,35999.207
09:59:59.207000,10.09,10.08,10.07,10.06,10.05,3990,2900,2700,3100,3200,10.1,10.11,10.12,10.13,10.14,788,3200,3300,3200,3200,2019-10-02,35999.207
09:59:59.207000,10.09,10.08,10.07,10.06,10.05,3990,2900,2700,3100,3200,10.1,10.11,10.12,10.13,10.14,688,3200,3300,3200,3200,2019-10-02,35999.207
09:59:59.207000,10.09,10.08,10.07,10.06,10.05,3990,2900,2700,3100,3200,10.1,10.11,10.12,10.13,10.14,588,3200,3300,3200,3200,2019-10-02,35999.207
09:59:59.207000,10.09,10.08,10.07,10.06,10.05,3990,2900,2700,3100,3200,10.1,10.11,10.12,10.13,10.14,488,3200,3300,3200,3200,2019-10-02,35999.207
09:59:59.207000,10.09,10.08,10.07,10.06,10.05,3990,2900,2700,3100,3200,10.1,10.11,10.12,10.13,10.14,388,3200,3300,3200,3200,2019-10-02,35999.207
09:59:59.207000,10.09,10.08,10.07,10.06,10.05,3990,2900,2700,3100,3200,10.1,10.11,10.12,10.13,10.14,288,3200,3300,3200,3200,2019-10-02,35999.207
09:59:59.207000,10.09,10.08,10.07,10.06,10.05,3990,2900,2700,3100,3200,10.1,10.11,10.12,10.13,10.14,88,3200,3300,3200,3200,2019-10-02,35999.207
09:59:59.207000,10.09,10.08,10.07,10.06,10.05,3990,2900,2700,3100,3200,10.11,10.12,10.13,10.14,10.15,3200,3300,3200,3200,2000,2019-10-02,35999.207
09:59:59.207000,10.09,10.08,10.07,10.06,10.05,5090,2900,2700,3100,3200,10.11,10.12,10.13,10.14,10.15,3200,3300,3200,3200,2000,2019-10-02,35999.207
09:59:59.207000,10.09,10.08,10.07,10.06,10.05,4990,2900,2700,3100,3200,10.11,10.12,10.13,10.14,10.15,3200,3300,3200,3200,2000,2019-10-02,35999.207
09:59:59.208000,10.09,10.08,10.07,10.06,10.05,4590,2900,2700,3100,3200,10.1,10.11,10.12,10.13,10.14,300,3200,3300,3200,3200,2019-10-02,35999.208
09:59:59.208000,10.09,10.08,10.07,10.06,10.05,4490,2900,2700,3100,3200,10.1,10.11,10.12,10.13,10.14,300,3200,3300,3200,3200,2019-10-02,35999.208
09:59:59.208000,10.09,10.08,10.07,10.06,10.05,4390,2900,2700,3100,3200,10.1,10.11,10.12,10.13,10.14,300,3200,3300,3200,3200,2019-10-02,35999.208
09:59:59.208000,10.09,10.08,10.07,10.06,10.05,4290,2900,2700,3100,3200,10.1,10.11,10.12,10.13,10.14,300,3200,3300,3200,3200,2019-10-02,35999.208
09:59:59.208000,10.09,10.08,10.07,10.06,10.05,4190,2900,2700,3100,3200,10.1,10.11,10.12,10.13,10.14,300,3200,3300,3200,3200,2019-10-02,35999.208
09:59:59.208000,10.09,10.08,10.07,10.06,10.05,4090,2900,2700,3100,3200,10.1,10.11,10.12,10.13,10.14,300,3200,3300,3200,3200,2019-10-02,35999.208
09:59:59.208000,10.09,10.08,10.07,10.06,10.05,3990,2900,2700,3100,3200,10.1,10.11,10.12,10.13,10.14,300,3200,3300,3200,3200,2019-10-02,35999.208
09:59:59.208000,10.09,10.08,10.07,10.06,10.05,7590,2900,2700,3100,3200,10.1,10.11,10.12,10.13,10.14,200,3100,3300,3200,3200,2019-10-02,35999.208
09:59:59.310000,10.1,10.09,10.08,10.07,10.06,1290,3700,2900,2700,3900,10.11,10.12,10.13,10.14,10.15,4563,3300,3200,3200,1600,2019-10-02,35999.31
09:59:59.310000,10.1,10.09,10.08,10.07,10.06,1190,3700,2900,2700,3900,10.11,10.12,10.13,10.14,10.15,4563,3300,3200,3200,1600,2019-10-02,35999.31
09:59:59.310000,10.1,10.09,10.08,10.07,10.06,1090,3700,2900,2700,3900,10.11,10.12,10.13,10.14,10.15,4563,3300,3200,3200,1600,2019-10-02,35999.31
09:59:59.310000,10.1,10.09,10.08,10.07,10.06,700,3700,2900,2700,3900,10.11,10.12,10.13,10.14,10.15,4563,3300,3200,3200,1600,2019-10-02,35999.31
09:59:59.310000,10.1,10.09,10.08,10.07,10.06,400,3700,2900,2700,3900,10.11,10.12,10.13,10.14,10.15,4563,3300,3200,3200,1600,2019-10-02,35999.31
09:59:59.310000,10.1,10.09,10.08,10.07,10.06,300,3700,2900,2700,3900,10.11,10.12,10.13,10.14,10.15,4563,3300,3200,3200,1600,2019-10-02,35999.31
09:59:59.311000,10.1,10.09,10.08,10.07,10.06,300,3300,2900,2700,3900,10.11,10.12,10.13,10.14,10.15,4563,3300,3200,3200,1600,2019-10-02,35999.311
09:59:59.311000,10.1,10.09,10.08,10.07,10.06,200,3300,2900,2700,3900,10.11,10.12,10.13,10.14,10.15,4563,3300,3200,3200,1600,2019-10-02,35999.311
09:59:59.312000,10.1,10.09,10.08,10.07,10.06,1000,3300,2900,2700,3900,10.11,10.12,10.13,10.14,10.15,3663,3300,3200,3200,1600,2019-10-02,35999.312
09:59:59.338000,10.1,10.09,10.08,10.07,10.06,480,2800,2900,2700,3900,10.11,10.12,10.13,10.14,10.15,4563,3300,3200,3200,1600,2019-10-02,35999.338
09:59:59.967000,10.1,10.09,10.08,10.07,10.06,600,2900,2800,2700,3900,10.11,10.12,10.13,10.14,10.15,2900,3000,2200,3100,1800,2019-10-02,35999.967
09:59:59.967000,10.1,10.09,10.08,10.07,10.06,500,2900,2800,2700,3900,10.11,10.12,10.13,10.14,10.15,2900,3000,2200,3100,1800,2019-10-02,35999.967
09:59:59.967000,10.1,10.09,10.08,10.07,10.06,480,2900,2800,2700,3900,10.11,10.12,10.13,10.14,10.15,2900,3000,2200,3100,1800,2019-10-02,35999.967
09:59:59.969000,10.1,10.09,10.08,10.07,10.06,600,2900,2800,2700,3900,10.11,10.12,10.13,10.14,10.15,3500,3000,2200,3100,1800,2019-10-02,35999.969
09:59:59.969000,10.1,10.09,10.08,10.07,10.06,500,2900,2800,2700,3900,10.11,10.12,10.13,10.14,10.15,3500,3000,2200,3100,1800,2019-10-02,35999.969
09:59:59.969000,10.1,10.09,10.08,10.07,10.06,400,2900,2800,2700,3900,10.11,10.12,10.13,10.14,10.15,3500,3000,2200,3100,1800,2019-10-02,35999.969
09:59:59.969000,10.1,10.09,10.08,10.07,10.06,380,2900,2800,2700,3900,10.11,10.12,10.13,10.14,10.15,3500,3000,2200,3100,1800,2019-10-02,35999.969
10:00:00.528000,10.09,10.08,10.07,10.06,10.05,2900,2800,2700,3900,2700,10.11,10.12,10.13,10.14,10.15,2900,3000,2200,3100,1400,2019-10-02,36000.528
10:01:03.834000,10.09,10.08,10.07,10.06,10.05,600,2500,1700,2700,3700,10.1,10.11,10.12,10.13,10.14,4605,3600,3600,3200,3400,2019-10-02,36063.834
10:01:03.834000,10.09,10.08,10.07,10.06,10.05,500,2500,1700,2700,3700,10.1,10.11,10.12,10.13,10.14,4605,3600,3600,3200,3400,2019-10-02,36063.834
10:01:03.834000,10.09,10.08,10.07,10.06,10.05,400,2500,1700,2700,3700,10.1,10.11,10.12,10.13,10.14,4605,3600,3600,3200,3400,2019-10-02,36063.834
10:01:03.834000,10.09,10.08,10.07,10.06,10.05,300,2500,1700,2700,3700,10.1,10.11,10.12,10.13,10.14,4605,3600,3600,3200,3400,2019-10-02,36063.834
10:01:03.834000,10.09,10.08,10.07,10.06,10.05,200,2500,1700,2700,3700,10.1,10.11,10.12,10.13,10.14,4605,3600,3600,3200,3400,2019-10-02,36063.834
10:01:03.834000,10.08,10.07,10.06,10.05,10.04,2500,1700,2700,3700,1800,10.1,10.11,10.12,10.13,10.14,4605,3600,3600,3200,3400,2019-10-02,36063.834
10:01:03.834000,10.09,10.08,10.07,10.06,10.05,380,2300,1700,2700,3700,10.1,10.11,10.12,10.13,10.14,10172,3600,3600,3200,3400,2019-10-02,36063.834
10:01:03.834000,10.09,10.08,10.07,10.06,10.05,100,2300,1700,2700,3700,10.1,10.11,10.12,10.13,10.14,10172,3600,3600,3200,3400,2019-10-02,36063.834
10:01:03.834000,10.08,10.07,10.06,10.05,10.04,2300,1700,2700,3700,1800,10.1,10.11,10.12,10.13,10.14,10172,3600,3600,3200,3400,2019-10-02,36063.834
10:01:21.407000,10.08,10.07,10.06,10.05,10.04,2000,1600,1900,4100,1800,10.09,10.1,10.11,10.12,10.13,414,3100,2900,4200,4000,2019-10-02,36081.407
10:01:21.407000,10.08,10.07,10.06,10.05,10.04,2000,1600,1900,4100,1800,10.09,10.1,10.11,10.12,10.13,400,3100,2900,4200,4000,2019-10-02,36081.407
10:01:21.407000,10.08,10.07,10.06,10.05,10.04,2000,1600,1900,4100,1800,10.09,10.1,10.11,10.12,10.13,300,3100,2900,4200,4000,2019-10-02,36081.407
10:01:21.407000,10.08,10.07,10.06,10.05,10.04,2000,1600,1900,4100,1800,10.09,10.1,10.11,10.12,10.13,200,3100,2900,4200,4000,2019-10-02,36081.407
10:01:21.407000,10.08,10.07,10.06,10.05,10.04,2000,1600,1900,4100,1800,10.09,10.1,10.11,10.12,10.13,100,3100,2900,4200,4000,2019-10-02,36081.407
10:01:21.407000,10.08,10.07,10.06,10.05,10.04,2000,1600,1900,4100,1800,10.1,10.11,10.12,10.13,10.14,3100,2900,4200,4000,2600,2019-10-02,36081.407
10:01:21.407000,10.08,10.07,10.06,10.05,10.04,2000,1600,1900,4100,1800,10.1,10.11,10.12,10.13,10.14,2900,2900,4200,4000,2600,2019-10-02,36081.407
10:01:21.408000,10.09,10.08,10.07,10.06,10.05,3800,2564,1700,2800,4200,10.1,10.11,10.12,10.13,10.14,1800,2900,4200,4000,2600,2019-10-02,36081.408
10:01:21.408000,10.09,10.08,10.07,10.06,10.05,3800,2564,1700,2800,4200,10.1,10.11,10.12,10.13,10.14,1700,2900,4200,4000,2600,2019-10-02,36081.408
10:01:21.408000,10.09,10.08,10.07,10.06,10.05,3800,2564,1700,2800,4200,10.1,10.11,10.12,10.13,10.14,1600,2900,4200,4000,2600,2019-10-02,36081.408
10:01:21.408000,10.09,10.08,10.07,10.06,10.05,3800,2564,1700,2800,4200,10.1,10.11,10.12,10.13,10.14,1500,2900,4200,4000,2600,2019-10-02,36081.408
10:01:21.408000,10.09,10.08,10.07,10.06,10.05,3800,2564,1700,2800,4200,10.1,10.11,10.12,10.13,10.14,1400,2900,4200,4000,2600,2019-10-02,36081.408
10:01:21.408000,10.09,10.08,10.07,10.06,10.05,3800,2564,1700,2800,4200,10.1,10.11,10.12,10.13,10.14,1300,2900,4200,4000,2600,2019-10-02,36081.408
10:01:21.408000,10.09,10.08,10.07,10.06,10.05,3800,2564,1700,2800,4200,10.1,10.11,10.12,10.13,10.14,1000,2900,4200,4000,2600,2019-10-02,36081.408
10:01:21.408000,10.09,10.08,10.07,10.06,10.05,3800,2564,1700,2800,4200,10.1,10.11,10.12,10.13,10.14,700,2900,4200,4000,2600,2019-10-02,36081.408
10:01:21.408000,10.09,10.08,10.07,10.06,10.05,3800,2564,1700,2800,4200,10.1,10.11,10.12,10.13,10.14,600,2900,4200,4000,2600,2019-10-02,36081.408
10:01:21.408000,10.09,10.08,10.07,10.06,10.05,3800,2564,1700,2800,4200,10.1,10.11,10.12,10.13,10.14,500,2900,4200,4000,2600,2019-10-02,36081.408
10:01:21.408000,10.09,10.08,10.07,10.06,10.05,3800,2564,1700,2800,4200,10.1,10.11,10.12,10.13,10.14,200,2900,4200,4000,2600,2019-10-02,36081.408
10:01:21.408000,10.09,10.08,10.07,10.06,10.05,3800,2564,1700,2800,4200,10.1,10.11,10.12,10.13,10.14,100,2900,4200,4000,2600,2019-10-02,36081.408
10:01:21.408000,10.09,10.08,10.07,10.06,10.05,3800,2564,1700,2800,4200,10.11,10.12,10.13,10.14,10.15,2900,4200,4000,2600,1400,2019-10-02,36081.408
10:01:21.410000,10.09,10.08,10.07,10.06,10.05,5900,2300,1700,2800,4200,10.1,10.11,10.12,10.13,10.14,1500,2900,4200,4000,3300,2019-10-02,36081.41
10:01:21.410000,10.09,10.08,10.07,10.06,10.05,5900,2300,1700,2800,4200,10.1,10.11,10.12,10.13,10.14,1000,2900,4200,4000,3300,2019-10-02,36081.41
10:01:21.410000,10.09,10.08,10.07,10.06,10.05,5900,2300,1700,2800,4200,10.1,10.11,10.12,10.13,10.14,900,2900,4200,4000,3300,2019-10-02,36081.41
10:01:21.410000,10.09,10.08,10.07,10.06,10.05,5900,2300,1700,2800,4200,10.1,10.11,10.12,10.13,10.14,800,2900,4200,4000,3300,2019-10-02,36081.41
10:01:21.410000,10.09,10.08,10.07,10.06,10.05,5900,2300,1700,2800,4200,10.1,10.11,10.12,10.13,10.14,700,2900,4200,4000,3300,2019-10-02,36081.41
10:01:21.410000,10.09,10.08,10.07,10.06,10.05,5900,2300,1700,2800,4200,10.1,10.11,10.12,10.13,10.14,600,2900,4200,4000,3300,2019-10-02,36081.41
10:01:21.410000,10.09,10.08,10.07,10.06,10.05,5900,2300,1700,2800,4200,10.1,10.11,10.12,10.13,10.14,400,2900,4200,4000,3300,2019-10-02,36081.41
10:01:21.410000,10.09,10.08,10.07,10.06,10.05,5900,2300,1700,2800,4200,10.1,10.11,10.12,10.13,10.14,300,2900,4200,4000,3300,2019-10-02,36081.41
10:01:21.411000,10.1,10.09,10.08,10.07,10.06,3193,4300,2300,1700,2800,10.11,10.12,10.13,10.14,10.15,2900,4200,4000,3300,1400,2019-10-02,36081.411
10:01:21.411000,10.1,10.09,10.08,10.07,10.06,3093,4300,2300,1700,2800,10.11,10.12,10.13,10.14,10.15,2900,4200,4000,3300,1400,2019-10-02,36081.411
10:01:56.370000,10.09,10.08,10.07,10.06,10.05,1200,2200,1900,2700,2800,10.1,10.11,10.12,10.13,10.14,2185,4500,4200,3200,3400,2019-10-02,36116.37
10:01:56.370000,10.09,10.08,10.07,10.06,10.05,700,2200,1900,2700,2800,10.1,10.11,10.12,10.13,10.14,2685,4500,4200,3200,3400,2019-10-02,36116.37
10:01:56.370000,10.09,10.08,10.07,10.06,10.05,600,2200,1900,2700,2800,10.1,10.11,10.12,10.13,10.14,2685,4500,4200,3200,3400,2019-10-02,36116.37
10:01:56.370000,10.09,10.08,10.07,10.06,10.05,500,2200,1900,2700,2800,10.1,10.11,10.12,10.13,10.14,2685,4500,4200,3200,3400,2019-10-02,36116.37
10:01:56.370000,10.09,10.08,10.07,10.06,10.05,400,2200,1900,2700,2800,10.1,10.11,10.12,10.13,10.14,2685,4500,4200,3200,3400,2019-10-02,36116.37
10:01:56.370000,10.09,10.08,10.07,10.06,10.05,300,2200,1900,2700,2800,10.1,10.11,10.12,10.13,10.14,2685,4500,4200,3200,3400,2019-10-02,36116.37
10:01:56.370000,10.09,10.08,10.07,10.06,10.05,200,2200,1900,2700,2800,10.1,10.11,10.12,10.13,10.14,2685,4500,4200,3200,3400,2019-10-02,36116.37
10:01:56.370000,10.08,10.07,10.06,10.05,10.04,2200,1900,2700,2800,1600,10.1,10.11,10.12,10.13,10.14,2685,4500,4200,3200,3400,2019-10-02,36116.37
10:02:09.091000,10.08,10.07,10.06,10.05,10.04,2100,1600,2100,2900,1700,10.09,10.1,10.11,10.12,10.13,245,2300,3800,4900,3100,2019-10-02,36129.091
10:02:09.091000,10.08,10.07,10.06,10.05,10.04,2100,1600,2100,2900,1700,10.09,10.1,10.11,10.12,10.13,145,2300,3800,4900,3100,2019-10-02,36129.091
10:02:09.091000,10.08,10.07,10.06,10.05,10.04,2100,1600,2100,2900,1700,10.09,10.1,10.11,10.12,10.13,45,2300,3800,4900,3100,2019-10-02,36129.091
10:02:09.091000,10.08,10.07,10.06,10.05,10.04,2100,1600,2100,2900,1700,10.1,10.11,10.12,10.13,10.14,2300,3800,4900,3100,2600,2019-10-02,36129.091
10:02:09.091000,10.09,10.08,10.07,10.06,10.05,5271,2159,1600,2100,3800,10.1,10.11,10.12,10.13,10.14,2300,3800,4900,3100,2600,2019-10-02,36129.091
10:02:09.091000,10.09,10.08,10.07,10.06,10.05,5171,2159,1600,2100,3800,10.1,10.11,10.12,10.13,10.14,2300,3800,4900,3100,2600,2019-10-02,36129.091
10:02:19.031000,10.09,10.08,10.07,10.06,10.05,2900,2100,1600,2200,3900,10.1,10.11,10.12,10.13,10.14,600,2700,4800,3000,2600,2019-10-02,36139.031
10:02:19.031000,10.09,10.08,10.07,10.06,10.05,2900,2100,1600,2200,3900,10.1,10.11,10.12,10.13,10.14,500,2700,4800,3000,2600,2019-10-02,36139.031
10:02:19.031000,10.09,10.08,10.07,10.06,10.05,2900,2100,1600,2200,3900,10.1,10.11,10.12,10.13,10.14,400,2700,4800,3000,2600,2019-10-02,36139.031
10:02:35.435000,10.09,10.08,10.07,10.06,10.05,2000,2100,1700,2200,3900,10.1,10.11,10.12,10.13,10.14,200,2700,4000,3300,3400,2019-10-02,36155.435
10:02:35.435000,10.09,10.08,10.07,10.06,10.05,2000,2100,1700,2200,3900,10.1,10.11,10.12,10.13,10.14,100,2700,4000,3300,3400,2019-10-02,36155.435
10:02:35.435000,10.09,10.08,10.07,10.06,10.05,2000,2100,1700,2200,3900,10.11,10.12,10.13,10.14,10.15,2700,4000,3300,3400,1400,2019-10-02,36155.435
10:02:35.436000,10.09,10.08,10.07,10.06,10.05,4700,2100,1700,2200,3900,10.11,10.12,10.13,10.14,10.15,2700,4000,3300,3400,1400,2019-10-02,36155.436
10:03:40.525000,10.1,10.09,10.08,10.07,10.06,1161,2500,2100,2500,2500,10.11,10.12,10.13,10.14,10.15,2600,3000,3000,3700,1600,2019-10-02,36220.525
10:03:40.525000,10.1,10.09,10.08,10.07,10.06,1150,2400,2100,2500,2500,10.11,10.12,10.13,10.14,10.15,2600,3000,3000,3700,1600,2019-10-02,36220.525
10:04:59.701000,10.1,10.09,10.08,10.07,10.06,2967,2800,2400,2500,3300,10.11,10.12,10.13,10.14,10.15,1242,3000,2900,3500,1600,2019-10-02,36299.701
10:04:59.701000,10.1,10.09,10.08,10.07,10.06,2867,2800,2400,2500,3300,10.11,10.12,10.13,10.14,10.15,800,3000,2900,3500,1600,2019-10-02,36299.701
10:04:59.701000,10.1,10.09,10.08,10.07,10.06,2867,2800,2400,2500,3300,10.11,10.12,10.13,10.14,10.15,700,3000,2900,3500,1600,2019-10-02,36299.701
10:04:59.701000,10.1,10.09,10.08,10.07,10.06,2867,2800,2400,2500,3300,10.11,10.12,10.13,10.14,10.15,600,3000,2900,3500,1600,2019-10-02,36299.701
10:04:59.701000,10.1,10.09,10.08,10.07,10.06,2867,2800,2400,2500,3300,10.11,10.12,10.13,10.14,10.15,500,3000,2900,3500,1600,2019-10-02,36299.701
10:04:59.701000,10.1,10.09,10.08,10.07,10.06,2867,2800,2400,2500,3300,10.11,10.12,10.13,10.14,10.15,400,3000,2900,3500,1600,2019-10-02,36299.701
10:04:59.701000,10.1,10.09,10.08,10.07,10.06,2867,2800,2400,2500,3300,10.11,10.12,10.13,10.14,10.15,200,3000,2900,3500,1600,2019-10-02,36299.701
10:04:59.701000,10.1,10.09,10.08,10.07,10.06,2867,2800,2400,2500,3300,10.11,10.12,10.13,10.14,10.15,100,3000,2900,3500,1600,2019-10-02,36299.701
10:04:59.701000,10.1,10.09,10.08,10.07,10.06,2867,2800,2400,2500,3300,10.12,10.13,10.14,10.15,10.16,3000,2900,3500,1600,1500,2019-10-02,36299.701
10:05:07.743000,10.11,10.1,10.09,10.08,10.07,5320,3547,3900,3100,3300,10.12,10.13,10.14,10.15,10.16,1300,3100,2600,1700,3300,2019-10-02,36307.743
10:05:07.743000,10.11,10.1,10.09,10.08,10.07,5320,3547,3900,3100,3300,10.12,10.13,10.14,10.15,10.16,1200,3100,2600,1700,3300,2019-10-02,36307.743
10:05:07.743000,10.11,10.1,10.09,10.08,10.07,5320,3547,3900,3100,3300,10.12,10.13,10.14,10.15,10.16,400,3100,2600,1700,3300,2019-10-02,36307.743
10:05:07.743000,10.11,10.1,10.09,10.08,10.07,6720,3547,3900,3100,3300,10.13,10.14,10.15,10.16,10.17,3100,2600,1700,3300,1300,2019-10-02,36307.743
10:05:23.324000,10.12,10.11,10.1,10.09,10.08,4613,4100,3647,4400,3900,10.13,10.14,10.15,10.16,10.17,800,1600,2300,3200,1500,2019-10-02,36323.324
10:05:23.324000,10.12,10.11,10.1,10.09,10.08,4813,4100,3647,4400,3900,10.13,10.14,10.15,10.16,10.17,700,1600,2300,3200,1500,2019-10-02,36323.324
10:05:31.230000,10.12,10.11,10.1,10.09,10.08,3113,4200,3647,4400,3900,10.13,10.14,10.15,10.16,10.17,499,1600,2300,3200,1500,2019-10-02,36331.23
10:05:31.584000,10.12,10.11,10.1,10.09,10.08,3013,4200,3647,4400,3900,10.13,10.14,10.15,10.16,10.17,300,1600,2300,3200,1500,2019-10-02,36331.584
10:05:31.584000,10.12,10.11,10.1,10.09,10.08,3013,4200,3647,4400,3900,10.13,10.14,10.15,10.16,10.17,299,1600,2300,3200,1500,2019-10-02,36331.584
10:05:31.585000,10.12,10.11,10.1,10.09,10.08,3913,4200,3647,4400,3900,10.13,10.14,10.15,10.16,10.17,298,1600,2300,3200,1500,2019-10-02,36331.585
10:05:31.585000,10.12,10.11,10.1,10.09,10.08,4413,4200,3647,4400,3900,10.13,10.14,10.15,10.16,10.17,297,1600,2300,3200,1500,2019-10-02,36331.585
10:05:31.861000,10.12,10.11,10.1,10.09,10.08,3013,4200,3647,4400,3900,10.13,10.14,10.15,10.16,10.17,296,1600,2300,3200,1500,2019-10-02,36331.861
10:05:32.620000,10.12,10.11,10.1,10.09,10.08,3013,4200,3647,4400,3900,10.13,10.14,10.15,10.16,10.17,395,1600,2300,3200,1500,2019-10-02,36332.62
10:05:36.463000,10.12,10.11,10.1,10.09,10.08,3213,4200,3647,4400,3900,10.13,10.14,10.15,10.16,10.17,199,1800,2300,3200,1500,2019-10-02,36336.463
10:05:37.913000,10.12,10.11,10.1,10.09,10.08,3913,4200,3647,4400,3500,10.13,10.14,10.15,10.16,10.17,100,1800,2300,3200,1500,2019-10-02,36337.913
10:05:37.913000,10.12,10.11,10.1,10.09,10.08,3913,4200,3647,4400,3500,10.13,10.14,10.15,10.16,10.17,99,1800,2300,3200,1500,2019-10-02,36337.913
10:05:38.279000,10.13,10.12,10.11,10.1,10.09,3173,4503,3400,3647,5300,10.14,10.15,10.16,10.17,10.18,2100,2500,2400,1400,3100,2019-10-02,36338.279
10:05:38.279000,10.13,10.12,10.11,10.1,10.09,3073,4503,3400,3647,5300,10.14,10.15,10.16,10.17,10.18,2100,2500,2400,1400,3100,2019-10-02,36338.279
10:05:38.279000,10.13,10.12,10.11,10.1,10.09,2973,4503,3400,3647,5300,10.14,10.15,10.16,10.17,10.18,2100,2500,2400,1400,3100,2019-10-02,36338.279
10:05:38.279000,10.13,10.12,10.11,10.1,10.09,2873,4503,3400,3647,5300,10.14,10.15,10.16,10.17,10.18,2100,2500,2400,1400,3100,2019-10-02,36338.279
10:05:38.279000,10.13,10.12,10.11,10.1,10.09,2773,4503,3400,3647,5300,10.14,10.15,10.16,10.17,10.18,2100,2500,2400,1400,3100,2019-10-02,36338.279
10:05:38.279000,10.13,10.12,10.11,10.1,10.09,2673,4503,3400,3647,5300,10.14,10.15,10.16,10.17,10.18,2100,2500,2400,1400,3100,2019-10-02,36338.279
10:05:38.279000,10.13,10.12,10.11,10.1,10.09,2573,4503,3400,3647,5300,10.14,10.15,10.16,10.17,10.18,2100,2500,2400,1400,3100,2019-10-02,36338.279
10:05:38.279000,10.13,10.12,10.11,10.1,10.09,2473,4503,3400,3647,5300,10.14,10.15,10.16,10.17,10.18,2100,2500,2400,1400,3100,2019-10-02,36338.279
10:05:38.279000,10.13,10.12,10.11,10.1,10.09,2173,4503,3400,3647,5300,10.14,10.15,10.16,10.17,10.18,2100,2500,2400,1400,3100,2019-10-02,36338.279
10:06:04.521000,10.13,10.12,10.11,10.1,10.09,3813,4200,3200,3947,5000,10.14,10.15,10.16,10.17,10.18,1600,1500,2400,1600,3100,2019-10-02,36364.521
10:06:04.521000,10.13,10.12,10.11,10.1,10.09,3513,4200,3200,3947,5000,10.14,10.15,10.16,10.17,10.18,1600,1500,2400,1600,3100,2019-10-02,36364.521
10:06:04.521000,10.13,10.12,10.11,10.1,10.09,3203,4200,3200,3947,5000,10.14,10.15,10.16,10.17,10.18,1600,1500,2400,1600,3100,2019-10-02,36364.521
10:06:04.521000,10.13,10.12,10.11,10.1,10.09,3103,4200,3200,3947,5000,10.14,10.15,10.16,10.17,10.18,1600,1500,2400,1600,3100,2019-10-02,36364.521
10:06:04.521000,10.13,10.12,10.11,10.1,10.09,3003,4200,3200,3947,5000,10.14,10.15,10.16,10.17,10.18,1600,1500,2400,1600,3100,2019-10-02,36364.521
10:06:04.521000,10.13,10.12,10.11,10.1,10.09,3000,4200,3200,3947,5000,10.14,10.15,10.16,10.17,10.18,1600,1500,2400,1600,3100,2019-10-02,36364.521
10:06:04.521000,10.13,10.12,10.11,10.1,10.09,100,4200,3200,3947,5000,10.14,10.15,10.16,10.17,10.18,1600,1500,2400,1600,3100,2019-10-02,36364.521
10:06:04.521000,10.12,10.11,10.1,10.09,10.08,4200,3200,3947,5000,3100,10.14,10.15,10.16,10.17,10.18,1600,1500,2400,1600,3100,2019-10-02,36364.521
10:06:04.526000,10.12,10.11,10.1,10.09,10.08,2200,3200,3947,5000,3700,10.13,10.14,10.15,10.16,10.17,9545,2562,2400,2500,2400,2019-10-02,36364.526
10:06:12.859000,10.12,10.11,10.1,10.09,10.08,3500,3000,3947,4400,3100,10.13,10.14,10.15,10.16,10.17,3645,3300,2400,2500,2200,2019-10-02,36372.859
10:06:12.859000,10.12,10.11,10.1,10.09,10.08,3500,3000,3947,4400,3100,10.13,10.14,10.15,10.16,10.17,2245,3300,2400,2500,2200,2019-10-02,36372.859
10:06:12.859000,10.12,10.11,10.1,10.09,10.08,3500,3000,3947,4400,3100,10.13,10.14,10.15,10.16,10.17,2100,3300,2400,2500,2200,2019-10-02,36372.859
10:06:12.859000,10.12,10.11,10.1,10.09,10.08,3500,3000,3947,4400,3100,10.13,10.14,10.15,10.16,10.17,2000,3300,2400,2500,2200,2019-10-02,36372.859
10:06:12.859000,10.12,10.11,10.1,10.09,10.08,3500,3000,3947,4400,3100,10.14,10.15,10.16,10.17,10.18,3300,2400,2500,2200,2300,2019-10-02,36372.859
10:06:12.859000,10.12,10.11,10.1,10.09,10.08,3500,3000,3947,4400,3100,10.14,10.15,10.16,10.17,10.18,3200,2400,2500,2200,2300,2019-10-02,36372.859
10:06:36.324000,10.13,10.12,10.11,10.1,10.09,3502,2600,3200,5347,5200,10.14,10.15,10.16,10.17,10.18,1200,1500,2200,2100,2300,2019-10-02,36396.324
10:06:36.324000,10.13,10.12,10.11,10.1,10.09,3502,2600,3200,5347,5200,10.14,10.15,10.16,10.17,10.18,1100,1500,2200,2100,2300,2019-10-02,36396.324
10:06:36.324000,10.13,10.12,10.11,10.1,10.09,3502,2600,3200,5347,5200,10.14,10.15,10.16,10.17,10.18,1000,1500,2200,2100,2300,2019-10-02,36396.324
10:06:36.324000,10.13,10.12,10.11,10.1,10.09,3502,2600,3200,5347,5200,10.14,10.15,10.16,10.17,10.18,800,1500,2200,2100,2300,2019-10-02,36396.324
10:06:36.324000,10.13,10.12,10.11,10.1,10.09,3502,2600,3200,5347,5200,10.14,10.15,10.16,10.17,10.18,200,1500,2200,2100,2300,2019-10-02,36396.324
10:06:36.324000,10.13,10.12,10.11,10.1,10.09,3502,2600,3200,5347,5200,10.14,10.15,10.16,10.17,10.18,100,1500,2200,2100,2300,2019-10-02,36396.324
10:06:36.324000,10.13,10.12,10.11,10.1,10.09,3502,2600,3200,5347,5200,10.15,10.16,10.17,10.18,10.19,1500,2200,2100,2300,1100,2019-10-02,36396.324
10:06:43.045000,10.14,10.13,10.12,10.11,10.1,3602,3700,3300,4800,5047,10.15,10.16,10.17,10.18,10.19,399,1300,2200,2200,2100,2019-10-02,36403.045
10:06:43.154000,10.14,10.13,10.12,10.11,10.1,3502,3800,3300,4800,5047,10.15,10.16,10.17,10.18,10.19,300,1300,2200,2200,2100,2019-10-02,36403.154
10:06:43.154000,10.14,10.13,10.12,10.11,10.1,3502,3800,3300,4800,5047,10.15,10.16,10.17,10.18,10.19,100,1300,2200,2200,2100,2019-10-02,36403.154
10:06:43.154000,10.14,10.13,10.12,10.11,10.1,3502,3800,3300,4800,5047,10.16,10.17,10.18,10.19,10.2,1300,2200,2200,2100,1800,2019-10-02,36403.154
10:06:45.158000,10.14,10.13,10.12,10.11,10.1,5102,3800,3300,4800,5047,10.16,10.17,10.18,10.19,10.2,1400,1300,2100,2000,1900,2019-10-02,36405.158
10:06:45.158000,10.14,10.13,10.12,10.11,10.1,5002,3800,3300,4800,5047,10.16,10.17,10.18,10.19,10.2,1400,1300,2100,2000,1900,2019-10-02,36405.158
10:06:45.158000,10.14,10.13,10.12,10.11,10.1,4902,3800,3300,4800,5047,10.16,10.17,10.18,10.19,10.2,1400,1300,2100,2000,1900,2019-10-02,36405.158
10:06:45.158000,10.14,10.13,10.12,10.11,10.1,4802,3800,3300,4800,5047,10.16,10.17,10.18,10.19,10.2,1400,1300,2100,2000,1900,2019-10-02,36405.158
10:06:56.078000,10.14,10.13,10.12,10.11,10.1,3602,3700,3300,5100,4547,10.15,10.16,10.17,10.18,10.19,1099,1400,2200,2700,2000,2019-10-02,36416.078
10:06:59.191000,10.14,10.13,10.12,10.11,10.1,4302,3700,3300,5100,4547,10.15,10.16,10.17,10.18,10.19,498,1400,2200,2700,2000,2019-10-02,36419.191
10:07:00.715000,10.14,10.13,10.12,10.11,10.1,3602,3800,3300,5600,4547,10.16,10.17,10.18,10.19,10.2,1400,2200,2700,2000,1900,2019-10-02,36420.715
10:07:10.323000,10.15,10.14,10.13,10.12,10.11,622,3500,2500,5500,5300,10.16,10.17,10.18,10.19,10.2,5700,1300,2500,2500,2000,2019-10-02,36430.323
10:07:10.323000,10.15,10.14,10.13,10.12,10.11,602,3500,2500,5500,5300,10.16,10.17,10.18,10.19,10.2,5700,1300,2500,2500,2000,2019-10-02,36430.323
10:07:10.323000,10.15,10.14,10.13,10.12,10.11,102,3500,2500,5500,5300,10.16,10.17,10.18,10.19,10.2,5700,1300,2500,2500,2000,2019-10-02,36430.323
10:07:10.323000,10.15,10.14,10.13,10.12,10.11,2,3500,2500,5500,5300,10.16,10.17,10.18,10.19,10.2,5700,1300,2500,2500,2000,2019-10-02,36430.323
10:07:10.323000,10.14,10.13,10.12,10.11,10.1,3500,2500,5500,5300,3547,10.16,10.17,10.18,10.19,10.2,5700,1300,2500,2500,2000,2019-10-02,36430.323
10:07:10.323000,10.15,10.14,10.13,10.12,10.11,158,3400,2500,5500,5300,10.16,10.17,10.18,10.19,10.2,9900,1300,2600,2500,2000,2019-10-02,36430.323
10:07:10.323000,10.15,10.14,10.13,10.12,10.11,100,3400,2500,5500,5300,10.16,10.17,10.18,10.19,10.2,9900,1300,2600,2500,2000,2019-10-02,36430.323
10:07:10.323000,10.14,10.13,10.12,10.11,10.1,3400,2500,5500,5300,3547,10.16,10.17,10.18,10.19,10.2,9900,1300,2600,2500,2000,2019-10-02,36430.323
10:08:12.160000,10.14,10.13,10.12,10.11,10.1,3507,2600,3500,5600,3547,10.16,10.17,10.18,10.19,10.2,1900,2200,2400,2100,1900,2019-10-02,36492.16
10:08:36.419000,10.15,10.14,10.13,10.12,10.11,527,3100,2400,5200,5300,10.16,10.17,10.18,10.19,10.2,3600,1500,2300,2500,2000,2019-10-02,36516.419
10:08:36.419000,10.15,10.14,10.13,10.12,10.11,427,3100,2400,5200,5300,10.16,10.17,10.18,10.19,10.2,3600,1500,2300,2500,2000,2019-10-02,36516.419
10:08:36.419000,10.15,10.14,10.13,10.12,10.11,2,3100,2400,5200,5300,10.16,10.17,10.18,10.19,10.2,3600,1500,2300,2500,2000,2019-10-02,36516.419
10:08:36.419000,10.14,10.13,10.12,10.11,10.1,3100,2400,5200,5300,3547,10.16,10.17,10.18,10.19,10.2,3600,1500,2300,2500,2000,2019-10-02,36516.419
10:08:36.419000,10.15,10.14,10.13,10.12,10.11,86,3100,2400,5200,5300,10.16,10.17,10.18,10.19,10.2,6766,1500,2300,2500,2000,2019-10-02,36516.419
10:08:36.419000,10.15,10.14,10.13,10.12,10.11,62,3100,2400,5200,5300,10.16,10.17,10.18,10.19,10.2,6766,1500,2300,2500,2000,2019-10-02,36516.419
10:08:36.419000,10.14,10.13,10.12,10.11,10.1,3100,2400,5200,5300,3547,10.16,10.17,10.18,10.19,10.2,6966,1500,2300,2500,2000,2019-10-02,36516.419
10:10:22.378000,10.14,10.13,10.12,10.11,10.1,2000,2100,2800,5600,4747,10.15,10.16,10.17,10.18,10.19,700,2700,2500,2800,2200,2019-10-02,36622.378
